Time,Date,Name,Coin_Name,Code,Volume,Bid_Total,Ask_Total,Depth,Hour,Day,Month_Number,Month_Name,Year
14:50:27,2024-07-15,Binance,BTC,binance,194544.33108148284,2959.8972853948544,2736.7086225942826,5696.605907989137,14,15,7,July,2024
14:57:12,2024-07-15,Binance,BTC,binance,194965.02239313952,3023.2559816939975,2752.7450676675644,5776.001049361562,14,15,7,July,2024
14:59:23,2024-07-15,Binance,BTC,binance,195932.10077392196,3034.343204434998,2757.654443417313,5791.997647852311,14,15,7,July,2024
15:01:45,2024-07-15,Binance,ETH,binance,3656971.352123109,58029.40595593601,52113.71777321393,110143.12372914996,15,15,7,July,2024
15:02:33,2024-07-15,Binance,BNB,binance,21431802.048270255,340572.13884045265,305734.20074459474,646306.3395850473,15,15,7,July,2024
15:02:56,2024-07-15,Binance,ADA,binance,28552619947.611954,451292090.4880009,405608304.9674729,856900395.4554738,15,15,7,July,2024
15:03:19,2024-07-15,Binance,DOGE,binance,102982648531.02748,1629198757.1914027,1465844786.708352,3095043543.8997545,15,15,7,July,2024
15:03:53,2024-07-15,Binance,SOL,binance,80016848.56248648,1267265.8062532267,1139556.9700113065,2406822.7762645334,15,15,7,July,2024
15:04:29,2024-07-15,Binance,USDT,binance,12443672327.980028,189628208.12434387,174855184.66929287,364483392.79363674,15,15,7,July,2024
15:04:55,2024-07-15,Binance,TONCOIN,binance,1653677982.7555661,25152627.535654698,23318377.168754615,48471004.70440931,15,15,7,July,2024
15:05:15,2024-07-15,Binance,USDC,binance,12454581363.35494,189519711.47488672,175696316.08831045,365216027.5631972,15,15,7,July,2024
15:06:50,2024-07-15,Binance,XRP,binance,23281990991.559223,354839411.2877485,330251756.64999413,685091167.9377427,15,15,7,July,2024
15:10:45,2024-07-15,Binance,BTC,binance,196605.09667866473,2955.1026951606445,2773.6862610612166,5728.788956221862,15,15,7,July,2024
15:10:48,2024-07-15,Binance,ETH,binance,3679102.0048380843,55299.300139902116,51904.4259597242,107203.72609962632,15,15,7,July,2024
15:10:51,2024-07-15,Binance,BNB,binance,21591156.93023736,324529.15572409355,304606.01657594205,629135.1723000356,15,15,7,July,2024
15:10:53,2024-07-15,Binance,ADA,binance,28535416819.751686,428905906.1851443,402574983.67889184,831480889.8640362,15,15,7,July,2024
15:10:56,2024-07-15,Binance,DOGE,binance,102981037672.84488,1547872090.3906662,1452846819.1740134,3000718909.5646796,15,15,7,July,2024
15:10:59,2024-07-15,Binance,SOL,binance,80197748.65184325,1205424.4126449241,1131422.314891583,2336846.7275365074,15,15,7,July,2024
15:11:01,2024-07-15,Binance,USDT,binance,12487684493.147154,187698033.90361208,176175081.400462,363873115.3040741,15,15,7,July,2024
15:11:04,2024-07-15,Binance,TONCOIN,binance,1658613809.8341224,24930046.18126652,23399568.040000577,48329614.2212671,15,15,7,July,2024
15:11:07,2024-07-15,Binance,USDC,binance,12508286823.212383,188007700.34731498,176465737.14038506,364473437.4877001,15,15,7,July,2024
15:11:09,2024-07-15,Binance,XRP,binance,23378441151.577305,351393202.0215918,329820854.7113161,681214056.7329079,15,15,7,July,2024
15:11:20,2024-07-15,Binance,BTC,binance,196536.21762923893,2952.4106209402016,2772.3821958900394,5724.7928168302415,15,15,7,July,2024
15:11:23,2024-07-15,Binance,ETH,binance,3677946.7259353735,55250.93088638112,51881.90829870902,107132.83918509014,15,15,7,July,2024
15:11:26,2024-07-15,Binance,BNB,binance,21586502.900134727,324277.2309353364,304503.85701815225,628781.0879534887,15,15,7,July,2024
15:11:28,2024-07-15,Binance,ADA,binance,28532718333.871674,428624818.71985215,402488667.2969268,831113486.016779,15,15,7,July,2024
15:11:31,2024-07-15,Binance,DOGE,binance,102939852870.14941,1546385285.103992,1452091725.3181372,2998477010.422129,15,15,7,July,2024
15:11:33,2024-07-15,Binance,SOL,binance,80184277.30052178,1204545.985417678,1131096.6775479675,2335642.6629656455,15,15,7,July,2024
15:11:36,2024-07-15,Binance,USDT,binance,12484861637.293945,187550358.6237316,176114145.97731078,363664504.6010424,15,15,7,July,2024
15:11:39,2024-07-15,Binance,TONCOIN,binance,1658290526.0057604,24911207.820331756,23392203.154048774,48303410.97438053,15,15,7,July,2024
15:11:41,2024-07-15,Binance,USDC,binance,12505141536.254412,186642969.2613152,175877939.09363988,362520908.3549551,15,15,7,July,2024
15:11:43,2024-07-15,Binance,XRP,binance,23377858805.33991,348921519.18076885,328796728.54441136,677718247.7251803,15,15,7,July,2024
15:11:55,2024-07-15,Binance,BTC,binance,196475.77283344453,2929.356673354345,2764.1131986936616,5693.469872048007,15,15,7,July,2024
15:11:57,2024-07-15,Binance,ETH,binance,3677047.298474535,54822.957999798826,51730.423671881006,106553.38167167983,15,15,7,July,2024
15:12:00,2024-07-15,Binance,BNB,binance,21581911.202140324,321775.63010440033,303624.43545363203,625400.0655580325,15,15,7,July,2024
15:12:03,2024-07-15,Binance,ADA,binance,28526774562.96263,425320110.61806047,401328026.0894405,826648136.707501,15,15,7,July,2024
15:12:05,2024-07-15,Binance,DOGE,binance,102912370678.03363,1534372586.8530974,1447819433.3972645,2982192020.2503624,15,15,7,July,2024
15:12:08,2024-07-15,Binance,SOL,binance,80148990.5956722,1191717.618160368,1128358.7820271207,2320076.4001874886,15,15,7,July,2024
15:12:11,2024-07-15,Binance,USDT,binance,12480701652.522848,185572793.0666892,175706633.49370962,361279426.5603989,15,15,7,July,2024
15:12:13,2024-07-15,Binance,TONCOIN,binance,1657677249.4136128,24647636.466384776,23337220.69661861,47984857.16300339,15,15,7,July,2024
15:12:16,2024-07-15,Binance,USDC,binance,12502416545.17078,185895667.0037491,176012341.5211965,361908008.5249457,15,15,7,July,2024
15:12:18,2024-07-15,Binance,XRP,binance,23371902327.363342,347511647.57583565,329035849.955976,676547497.5318117,15,15,7,July,2024
15:12:29,2024-07-15,Binance,BTC,binance,196385.35294555975,2914.3777333346966,2776.166050803626,5690.543784138323,15,15,7,July,2024
15:12:32,2024-07-15,Binance,ETH,binance,3675035.72142102,54537.887449722846,51951.47831685747,106489.36576658032,15,15,7,July,2024
15:12:35,2024-07-15,Binance,BNB,binance,21577030.669166144,320332.4872959229,305155.4082888087,625487.8955847317,15,15,7,July,2024
15:12:37,2024-07-15,Binance,ADA,binance,28513974433.355392,423318319.04848814,403261859.50049824,826580178.5489864,15,15,7,July,2024
15:12:40,2024-07-15,Binance,DOGE,binance,102891396515.69052,1527525148.0418801,1455152314.2625558,2982677462.304436,15,15,7,July,2024
15:12:43,2024-07-15,Binance,SOL,binance,80084991.78061718,1188941.3796319198,1132610.3549337245,2321551.7345656445,15,15,7,July,2024
15:12:46,2024-07-15,Binance,USDT,binance,12479371795.209522,185268690.04096106,176490818.11784688,361759508.158808,15,15,7,July,2024
15:12:48,2024-07-15,Binance,TONCOIN,binance,1657559285.722261,24608116.704150047,23442205.202048324,48050321.906198375,15,15,7,July,2024
15:12:51,2024-07-15,Binance,USDC,binance,12500794042.149702,185586724.60980567,176793784.48109335,362380509.09089905,15,15,7,July,2024
15:12:53,2024-07-15,Binance,XRP,binance,23383461396.618793,347150748.6649259,330703043.39362395,677853792.0585499,15,15,7,July,2024
15:13:04,2024-07-15,Binance,BTC,binance,196317.66992294748,2904.269765158433,2779.9562720532895,5684.2260372117225,15,15,7,July,2024
15:13:07,2024-07-15,Binance,ETH,binance,3673522.562253614,54345.08525578943,52018.91450461078,106363.99976040021,15,15,7,July,2024
15:13:09,2024-07-15,Binance,BNB,binance,21570451.274277482,319107.3400641691,305448.36506302835,624555.7051271974,15,15,7,July,2024
15:13:12,2024-07-15,Binance,ADA,binance,28504850524.168858,421692940.6822964,403642922.3600016,825335863.042298,15,15,7,July,2024
15:13:14,2024-07-15,Binance,DOGE,binance,102883780928.33156,1522034437.310782,1456885731.154657,2978920168.465439,15,15,7,July,2024
15:13:18,2024-07-15,Binance,SOL,binance,80058138.30369453,1184358.1406683875,1133663.2295687743,2318021.370237162,15,15,7,July,2024
15:13:21,2024-07-15,Binance,USDT,binance,12475616184.015669,184560844.16231516,176660957.0707316,361221801.23304677,15,15,7,July,2024
15:13:23,2024-07-15,Binance,TONCOIN,binance,1657098876.630512,24514666.291449554,23465347.85844553,47980014.14989509,15,15,7,July,2024
15:13:26,2024-07-15,Binance,USDC,binance,12496625840.32114,184871655.25541902,176958464.2989042,361830119.5543232,15,15,7,July,2024
15:13:28,2024-07-15,Binance,XRP,binance,23378921712.41383,345861355.72013974,331057209.84655356,676918565.5666933,15,15,7,July,2024
15:13:40,2024-07-15,Binance,BTC,binance,196935.48625478867,2905.8794465844308,2782.9758433693305,5688.855289953761,15,15,7,July,2024
15:13:42,2024-07-15,Binance,ETH,binance,3695056.891001257,54431.73756784951,52087.622338399764,106519.35990624927,15,15,7,July,2024
15:13:45,2024-07-15,Binance,BNB,binance,21686105.422947936,319457.16509137733,305699.6692018864,625156.8342932637,15,15,7,July,2024
15:13:47,2024-07-15,Binance,ADA,binance,28650820221.067818,422054104.54565823,403878247.9898386,825932352.5354968,15,15,7,July,2024
15:13:50,2024-07-15,Binance,DOGE,binance,103487893895.56346,1524476090.1222208,1458824178.5819535,2983300268.704174,15,15,7,July,2024
15:13:53,2024-07-15,Binance,SOL,binance,80442751.40327561,1184999.0034747117,1133966.7503252449,2318965.7537999563,15,15,7,July,2024
15:13:55,2024-07-15,Binance,USDT,binance,12535142515.805506,184654690.82697433,176702494.32732573,361357185.15430003,15,15,7,July,2024
15:13:58,2024-07-15,Binance,TONCOIN,binance,1665220291.3230178,24530294.543148775,23473891.797419656,48004186.34056843,15,15,7,July,2024
15:14:00,2024-07-15,Binance,USDC,binance,12556320965.767387,184966669.73945776,177001037.79657885,361967707.5360366,15,15,7,July,2024
15:14:03,2024-07-15,Binance,XRP,binance,23489362656.97144,346020876.402219,331119408.2087605,677140284.6109794,15,15,7,July,2024
15:14:14,2024-07-15,Binance,BTC,binance,197387.70158090425,2912.0407765204554,2784.252912564861,5696.293689085315,15,15,7,July,2024
15:14:17,2024-07-15,Binance,ETH,binance,3694716.3028289974,54507.7755368818,52115.83368600155,106623.60922288334,15,15,7,July,2024
15:14:19,2024-07-15,Binance,BNB,binance,21684106.55634329,319903.4285760943,305865.2406017292,625768.6691778234,15,15,7,July,2024
15:14:22,2024-07-15,Binance,ADA,binance,28648361738.016365,422646380.1617254,404099566.3379281,826745946.4996535,15,15,7,July,2024
15:14:25,2024-07-15,Binance,DOGE,binance,103481871366.39243,1526657571.044598,1459663897.2030756,2986321468.2476735,15,15,7,July,2024
15:14:28,2024-07-15,Binance,SOL,binance,80424883.26083638,1186696.1095990422,1135415.953160407,2322112.062759449,15,15,7,July,2024
15:14:30,2024-07-15,Binance,USDT,binance,12532397850.309223,184919730.93296963,176928879.14359534,361848610.07656497,15,15,7,July,2024
15:14:33,2024-07-15,Binance,TONCOIN,binance,1664856549.6675923,24565516.422615573,23503977.99255093,48069494.4151665,15,15,7,July,2024
15:14:35,2024-07-15,Binance,USDC,binance,12553351043.627985,185228902.32355043,177224690.452225,362453592.7757754,15,15,7,July,2024
15:14:38,2024-07-15,Binance,XRP,binance,23487155030.359394,346560844.9773112,331585069.6274225,678145914.6047337,15,15,7,July,2024
15:14:49,2024-07-15,Binance,BTC,binance,197303.1296895182,2910.5406293982332,2787.202570911099,5697.743200309332,15,15,7,July,2024
15:14:52,2024-07-15,Binance,ETH,binance,3693207.977025923,54480.79757714387,52172.100790669254,106652.89836781312,15,15,7,July,2024
15:14:54,2024-07-15,Binance,BNB,binance,21673257.77644921,319715.6448001739,306167.26602156577,625882.9108217396,15,15,7,July,2024
15:14:57,2024-07-15,Binance,ADA,binance,28631011666.75166,422353780.4392089,404455973.1562906,826809753.5954995,15,15,7,July,2024
15:15:00,2024-07-15,Binance,DOGE,binance,103428695593.68173,1525740728.2124083,1461085420.785426,2986826148.997834,15,15,7,July,2024
15:15:03,2024-07-15,Binance,SOL,binance,80373924.23920666,1185645.521236829,1135402.2038385929,2321047.725075422,15,15,7,July,2024
15:15:05,2024-07-15,Binance,USDT,binance,12526006293.476261,184796197.94337282,177050042.75612137,361846240.6994942,15,15,7,July,2024
15:15:08,2024-07-15,Binance,TONCOIN,binance,1663895499.6975114,24547453.906304497,23518491.24621555,48065945.152520046,15,15,7,July,2024
15:15:11,2024-07-15,Binance,USDC,binance,12546925164.838549,185104814.09783146,177345722.55879173,362450536.6566232,15,15,7,July,2024
15:15:13,2024-07-15,Binance,XRP,binance,23473013313.723167,346297416.1931697,331781568.15825236,678078984.3514221,15,15,7,July,2024
15:15:23,2024-07-15,Binance,BTC,binance,197228.71189718705,2911.155137320717,2788.552987128955,5699.708124449672,15,15,7,July,2024
15:15:26,2024-07-15,Binance,ETH,binance,3692154.1241057394,54497.30590834728,52202.17336856416,106699.47927691144,15,15,7,July,2024
15:15:29,2024-07-15,Binance,BNB,binance,21664995.1387833,319781.84764079924,306314.36127758893,626096.2089183881,15,15,7,July,2024
15:15:32,2024-07-15,Binance,ADA,binance,28619882894.502632,422438083.76784796,404647270.51682603,827085354.2846739,15,15,7,July,2024
15:15:35,2024-07-15,Binance,DOGE,binance,103397516026.9086,1526178450.756435,1461904047.362296,2988082498.1187305,15,15,7,July,2024
15:15:37,2024-07-15,Binance,SOL,binance,80339179.46772934,1185830.4644687336,1135889.6822538194,2321720.146722553,15,15,7,July,2024
15:15:40,2024-07-15,Binance,USDT,binance,12522426709.206724,184834786.4545844,177050542.33820128,361885328.79278564,15,15,7,July,2024
15:15:43,2024-07-15,Binance,TONCOIN,binance,1663580656.492302,24548247.70254809,23519056.567873847,48067304.27042194,15,15,7,July,2024
15:15:45,2024-07-15,Binance,USDC,binance,12542341850.00459,185078200.6284843,177318752.96377277,362396953.59225714,15,15,7,July,2024
15:15:48,2024-07-15,Binance,XRP,binance,23461198459.339577,346199812.3931496,331685302.7605972,677885115.1537468,15,15,7,July,2024
15:15:59,2024-07-15,Binance,BTC,binance,197118.20105517522,2962.338295191113,2788.3516850354918,5750.689980226604,15,15,7,July,2024
15:16:02,2024-07-15,Binance,ETH,binance,3691411.931913867,55475.39938320049,52217.170334418064,107692.56971761855,15,15,7,July,2024
15:16:05,2024-07-15,Binance,BNB,binance,21664278.672873598,325575.8322002028,306453.8313520673,632029.6635522702,15,15,7,July,2024
15:16:07,2024-07-15,Binance,ADA,binance,28619069982.974255,430094057.9281595,404833402.4154277,834927460.3435872,15,15,7,July,2024
15:16:10,2024-07-15,Binance,DOGE,binance,103336832571.95569,1552970018.9683206,1461759643.1269693,3014729662.0952897,15,15,7,July,2024
15:16:13,2024-07-15,Binance,SOL,binance,80336767.24946506,1207319.6734802357,1136410.3321318782,2343730.005612114,15,15,7,July,2024
15:16:16,2024-07-15,Binance,USDT,binance,12522151302.845997,188185810.05725998,177133118.59916303,365318928.656423,15,15,7,July,2024
15:23:06,2024-07-15,Binance,BTC,binance,200353.65929763662,2858.3248155166416,2744.3745124032735,5602.699327919915,15,15,7,July,2024
15:23:09,2024-07-15,Binance,ETH,binance,3733754.0803926387,53267.21748150615,51143.66051377706,104410.87799528321,15,15,7,July,2024
15:23:11,2024-07-15,Binance,BNB,binance,22015784.93755374,314085.92506216164,301564.53974927275,615650.4648114344,15,15,7,July,2024
15:23:14,2024-07-15,Binance,ADA,binance,29226536644.01224,416957370.5518644,400334900.45965755,817292271.0115219,15,15,7,July,2024
15:23:16,2024-07-15,Binance,DOGE,binance,104806838340.89517,1495215949.2160344,1435607499.641589,2930823448.857623,15,15,7,July,2024
15:23:19,2024-07-15,Binance,SOL,binance,81441154.19084352,1161871.826269914,1115552.5115217722,2277424.337791686,15,15,7,July,2024
15:23:23,2024-07-15,Binance,USDT,binance,12762162783.189508,182070079.03291038,174811652.4954334,356881731.5283438,15,15,7,July,2024
15:23:25,2024-07-15,Binance,TONCOIN,binance,1691989482.6299293,24138593.43896365,23176281.51969947,47314874.95866312,15,15,7,July,2024
15:23:28,2024-07-15,Binance,USDC,binance,12783894381.149887,182380110.63377425,175109324.3411353,357489434.97490954,15,15,7,July,2024
15:23:31,2024-07-15,Binance,XRP,binance,23863117552.193913,340134640.44328666,327132413.79252,667267054.2358067,15,15,7,July,2024
15:23:42,2024-07-15,Binance,BTC,binance,200281.60956964333,2844.6711576992016,2744.1211089060125,5588.792266605214,15,15,7,July,2024
15:23:45,2024-07-15,Binance,ETH,binance,3731979.2066466226,53006.6321770259,51133.016860423406,104139.6490374493,15,15,7,July,2024
15:23:48,2024-07-15,Binance,BNB,binance,22006302.31696392,312563.3632722949,301515.24569183897,614078.6089641339,15,15,7,July,2024
15:23:50,2024-07-15,Binance,ADA,binance,29217827091.17153,414991222.5864983,400322607.0008687,815313829.587367,15,15,7,July,2024
15:23:53,2024-07-15,Binance,DOGE,binance,104771345700.43193,1488104803.570167,1435505046.9327846,2923609850.5029516,15,15,7,July,2024
15:23:55,2024-07-15,Binance,SOL,binance,81405881.80961807,1156236.7835393613,1115367.502502535,2271604.2860418963,15,15,7,July,2024
15:23:58,2024-07-15,Binance,USDT,binance,12756667255.178698,181187496.3814597,174783096.50818694,355970592.88964665,15,15,7,July,2024
15:24:01,2024-07-15,Binance,TONCOIN,binance,1691290476.542511,24022002.061246898,23172900.93655941,47194902.99780631,15,15,7,July,2024
15:24:03,2024-07-15,Binance,USDC,binance,12778631391.040997,181499460.83953214,175084034.01806676,356583494.8575989,15,15,7,July,2024
15:24:06,2024-07-15,Binance,XRP,binance,23855479265.00537,338827883.2193778,326851398.66228163,665679281.8816594,15,15,7,July,2024
15:24:16,2024-07-15,Binance,BTC,binance,200152.08712231927,2842.256260836584,2743.3242911725956,5585.58055200918,15,15,7,July,2024
15:24:19,2024-07-15,Binance,ETH,binance,3735308.8224083283,53043.18850375012,51196.88520300917,104240.0737067593,15,15,7,July,2024
15:24:22,2024-07-15,Binance,BNB,binance,21998331.69209765,312386.92975314043,301513.5068730136,613900.4366261541,15,15,7,July,2024
15:24:24,2024-07-15,Binance,ADA,binance,29223527690.85225,414988200.908917,400543479.41461027,815531680.3235273,15,15,7,July,2024
15:24:27,2024-07-15,Binance,DOGE,binance,104762988798.9706,1487685015.4245684,1435902348.6595974,2923587364.084166,15,15,7,July,2024
15:24:30,2024-07-15,Binance,SOL,binance,81391231.75561269,1155794.7826605253,1115564.400920664,2271359.1835811897,15,15,7,July,2024
15:24:32,2024-07-15,Binance,USDT,binance,12753703377.399605,181108744.82719544,174804793.59802186,355913538.42521733,15,15,7,July,2024
15:24:35,2024-07-15,Binance,TONCOIN,binance,1690942388.905715,24012198.227261472,23176392.49808845,47188590.725349925,15,15,7,July,2024
15:24:38,2024-07-15,Binance,USDC,binance,12775703421.354881,181421156.07191235,175106330.57351437,356527486.64542675,15,15,7,July,2024
15:24:40,2024-07-15,Binance,XRP,binance,23841732362.87744,338572049.9460801,326787383.42648673,665359433.3725668,15,15,7,July,2024
15:24:51,2024-07-15,Binance,BTC,binance,200073.90785961243,2839.4249128385563,2743.541420826908,5582.966333665465,15,15,7,July,2024
15:24:54,2024-07-15,Binance,ETH,binance,3734687.5214342675,53002.23754048225,51212.42454108449,104214.66208156676,15,15,7,July,2024
15:24:56,2024-07-15,Binance,BNB,binance,21991519.934396084,312101.01427481027,301561.7903024708,613662.8045772811,15,15,7,July,2024
15:24:59,2024-07-15,Binance,ADA,binance,29217488055.735123,414651087.50826776,400648887.95829827,815299975.4665661,15,15,7,July,2024
15:25:01,2024-07-15,Binance,DOGE,binance,104731409780.52719,1486335611.0192819,1436144092.2925816,2922479703.311864,15,15,7,July,2024
15:25:04,2024-07-15,Binance,SOL,binance,81367122.23882584,1154752.443447124,1115758.0343377085,2270510.4777848325,15,15,7,July,2024
15:25:06,2024-07-15,Binance,USDT,binance,12750388890.463139,180951990.44827175,174841489.4618964,355793479.9101682,15,15,7,July,2024
15:25:09,2024-07-15,Binance,TONCOIN,binance,1690441351.0001214,23990540.980936825,23180413.256093707,47170954.237030536,15,15,7,July,2024
15:25:12,2024-07-15,Binance,USDC,binance,12771879919.147491,181256988.55073145,175136188.19599158,356393176.74672306,15,15,7,July,2024
15:25:14,2024-07-15,Binance,XRP,binance,23835767812.696377,338274359.0508313,326851297.05784106,665125656.1086724,15,15,7,July,2024
15:25:25,2024-07-15,Binance,BTC,binance,200067.05629414634,2839.183403087771,2743.132916303023,5582.316319390794,15,15,7,July,2024
15:25:27,2024-07-15,Binance,ETH,binance,3734660.478995715,52999.16060414738,51206.181971743754,104205.34257589113,15,15,7,July,2024
15:25:30,2024-07-15,Binance,BNB,binance,21992694.60881193,312101.82565346046,301543.3206101367,613645.1462635972,15,15,7,July,2024
15:25:32,2024-07-15,Binance,ADA,binance,29224054976.83445,414840273.17138094,400599750.2770426,815440023.4484235,15,15,7,July,2024
15:25:35,2024-07-15,Binance,DOGE,binance,104725480603.22462,1486595443.9205532,1435564004.0559287,2922159447.976482,15,15,7,July,2024
15:25:37,2024-07-15,Binance,SOL,binance,81343288.62728295,1154681.3781163967,1115043.7930887262,2269725.171205123,15,15,7,July,2024
15:25:40,2024-07-15,Binance,USDT,binance,12753538307.29106,181038576.5935683,174823934.08783922,355862510.6814075,15,15,7,July,2024
15:25:42,2024-07-15,Binance,TONCOIN,binance,1690652329.7844768,23999088.247047715,23175254.140940715,47174342.38798843,15,15,7,July,2024
15:25:45,2024-07-15,Binance,USDC,binance,12774900075.073465,181341810.40521082,175116758.57252797,356458568.9777388,15,15,7,July,2024
15:25:48,2024-07-15,Binance,XRP,binance,23828173267.992325,337533229.3804159,326691827.19168067,664225056.5720966,15,15,7,July,2024
15:25:59,2024-07-15,Binance,BTC,binance,199987.0575321778,2830.629475759816,2744.525209174405,5575.154684934221,15,15,7,July,2024
15:26:01,2024-07-15,Binance,ETH,binance,3732216.7840775517,52826.032690818516,51219.12975971732,104045.16245053582,15,15,7,July,2024
15:26:04,2024-07-15,Binance,BNB,binance,21987849.53707394,311217.41464794055,301750.5637349733,612967.9783829139,15,15,7,July,2024
15:26:06,2024-07-15,Binance,ADA,binance,29217158515.433754,413541511.69720995,400962087.6248479,814503599.3220577,15,15,7,July,2024
15:26:09,2024-07-15,Binance,DOGE,binance,104694054525.4235,1481846277.121141,1436770336.2477462,2918616613.368887,15,15,7,July,2024
15:26:11,2024-07-15,Binance,SOL,binance,81313769.34077856,1150920.2401465832,1115910.66223299,2266830.902379573,15,15,7,July,2024
15:26:14,2024-07-15,Binance,USDT,binance,12749399961.17986,180455814.35968724,174966570.47256804,355422384.83225524,15,15,7,July,2024
15:26:16,2024-07-15,Binance,TONCOIN,binance,1689903683.6118624,23919003.744815677,23191417.074593417,47110420.81940909,15,15,7,July,2024
15:26:19,2024-07-15,Binance,USDC,binance,12770945317.927944,180760768.70338058,175262248.4802624,356023017.1836429,15,15,7,July,2024
15:26:22,2024-07-15,Binance,XRP,binance,23812639409.017334,337045606.0435755,326793093.320614,663838699.3641895,15,15,7,July,2024
15:26:33,2024-07-15,Binance,BTC,binance,199890.13087934186,2829.2636672640865,2744.9140288492613,5574.177696113347,15,15,7,July,2024
15:26:35,2024-07-15,Binance,ETH,binance,3730881.0758307045,52807.24079920975,51232.88358442063,104040.12438363038,15,15,7,July,2024
15:26:38,2024-07-15,Binance,BNB,binance,21977572.848065574,311072.6281489858,301798.5318501105,612871.1599990963,15,15,7,July,2024
15:26:40,2024-07-15,Binance,ADA,binance,29195208449.06682,413231719.6440578,400911925.4386565,814143645.0827143,15,15,7,July,2024
15:26:43,2024-07-15,Binance,DOGE,binance,104689455463.95598,1481784375.1806922,1437607518.2474205,2919391893.4281125,15,15,7,July,2024
15:26:45,2024-07-15,Binance,SOL,binance,81308986.27011925,1150855.0205261651,1116544.25409868,2267399.274624845,15,15,7,July,2024
15:26:49,2024-07-15,Binance,USDT,binance,12743101603.001368,180367055.71716926,174989721.63985375,355356777.35702294,15,15,7,July,2024
15:26:51,2024-07-15,Binance,TONCOIN,binance,1689773443.8559458,23917211.868229475,23204161.262052935,47121373.13028241,15,15,7,July,2024
15:26:54,2024-07-15,Binance,USDC,binance,12764735984.316164,180673270.78015622,175286807.42650673,355960078.2066629,15,15,7,July,2024
15:26:57,2024-07-15,Binance,XRP,binance,23792733928.63039,336423001.83978343,327240681.7659489,663663683.6057324,15,15,7,July,2024
15:27:08,2024-07-15,Binance,BTC,binance,199809.9831293594,2826.9854169105274,2749.7045166393714,5576.689933549898,15,15,7,July,2024
15:27:10,2024-07-15,Binance,ETH,binance,3730147.861278385,52775.50921931152,51332.79259249768,104108.30181180919,15,15,7,July,2024
15:27:13,2024-07-15,Binance,BNB,binance,21967908.683018394,310810.08323147165,302313.5119715707,613123.5952030424,15,15,7,July,2024
15:27:15,2024-07-15,Binance,ADA,binance,29172845821.839558,412748194.141665,401464955.16994756,814213149.3116125,15,15,7,July,2024
15:27:18,2024-07-15,Binance,DOGE,binance,104658884978.14027,1480752547.7431703,1440273424.899495,2921025972.642665,15,15,7,July,2024
15:27:20,2024-07-15,Binance,SOL,binance,81272667.20692761,1149875.7038513913,1118441.7144639685,2268317.41831536,15,15,7,July,2024
15:27:23,2024-07-15,Binance,USDT,binance,12738203459.34631,180224805.85415733,175298025.84167862,355522831.69583595,15,15,7,July,2024
15:27:25,2024-07-15,Binance,TONCOIN,binance,1689216149.2889323,23899653.787358176,23246312.33401794,47145966.12137611,15,15,7,July,2024
15:27:28,2024-07-15,Binance,USDC,binance,12760137386.867458,180535135.15936384,175599871.71858606,356135006.8779499,15,15,7,July,2024
15:27:30,2024-07-15,Binance,XRP,binance,23783971889.24303,336568537.1305743,325451870.8402908,662020407.970865,15,15,7,July,2024
15:27:41,2024-07-15,Binance,BTC,binance,199758.46400795068,2828.662895973279,2736.145476760618,5564.808372733897,15,15,7,July,2024
15:27:43,2024-07-15,Binance,ETH,binance,3729094.7831437974,52805.53242653358,51078.41549534747,103883.94792188104,15,15,7,July,2024
15:27:46,2024-07-15,Binance,BNB,binance,21962671.846637513,311000.5638937422,300828.6308627363,611829.1947564785,15,15,7,July,2024
15:27:48,2024-07-15,Binance,ADA,binance,29162708830.348755,412956080.8557105,399449476.4090185,812405557.264729,15,15,7,July,2024
15:27:51,2024-07-15,Binance,DOGE,binance,104612841419.18854,1481361325.2103171,1432910261.3083565,2914271586.5186734,15,15,7,July,2024
15:27:54,2024-07-15,Binance,SOL,binance,81252609.62906824,1150570.7315090222,1112938.8755348192,2263509.6070438414,15,15,7,July,2024
15:27:56,2024-07-15,Binance,USDT,binance,12734965426.66515,180332404.75095192,174434250.99366918,354766655.7446211,15,15,7,July,2024
15:27:59,2024-07-15,Binance,TONCOIN,binance,1688518210.0793498,23910119.82269031,23128088.643856727,47038208.46654704,15,15,7,July,2024
15:28:01,2024-07-15,Binance,USDC,binance,12756832608.682524,180642053.13916528,174733771.67462492,355375824.8137902,15,15,7,July,2024
15:28:04,2024-07-15,Binance,XRP,binance,23779797276.491364,336731815.41434115,325718287.22995496,662450102.644296,15,15,7,July,2024
15:28:15,2024-07-15,Binance,BTC,binance,199741.84190534826,2829.052097673094,2738.031660266221,5567.083757939316,15,15,7,July,2024
15:28:17,2024-07-15,Binance,ETH,binance,3727179.232132153,52790.06203449216,51091.62228463123,103881.6843191234,15,15,7,July,2024
15:28:20,2024-07-15,Binance,BNB,binance,21956226.079323884,310977.9446017652,300972.7034240491,611950.6480258143,15,15,7,July,2024
15:28:23,2024-07-15,Binance,ADA,binance,29144330438.172657,412786967.2918165,399506176.0509408,812293143.3427573,15,15,7,July,2024
15:28:25,2024-07-15,Binance,DOGE,binance,104505535144.2134,1480168604.6245968,1432546436.7827024,2912715041.4072995,15,15,7,July,2024
15:28:28,2024-07-15,Binance,SOL,binance,81223396.63206583,1150411.0427246785,1113398.321611263,2263809.3643359416,15,15,7,July,2024
15:28:31,2024-07-15,Binance,USDT,binance,12730347426.680279,180306818.78173265,174505721.82545754,354812540.6071902,15,15,7,July,2024
15:28:34,2024-07-15,Binance,TONCOIN,binance,1687349848.279225,23898851.54881463,23129942.442020796,47028793.99083543,15,15,7,July,2024
15:33:07,2024-07-15,Binance,BTC,binance,200732.78740521564,2631.9681449339487,2739.30237063848,5371.270515572428,15,15,7,July,2024
15:33:09,2024-07-15,Binance,ETH,binance,3756862.211508537,49259.22562733097,51268.064849679184,100527.29047701014,15,15,7,July,2024
15:33:17,2024-07-15,Binance,BNB,binance,21954269.94340782,287859.99478841916,299599.20588464645,587459.2006730656,15,15,7,July,2024
15:33:24,2024-07-15,Binance,ADA,binance,29166960667.071198,381880687.90373725,397535890.0427987,779416577.946536,15,15,7,July,2024
15:33:31,2024-07-15,Binance,DOGE,binance,105069742229.55122,1375669748.3323495,1432065341.6915078,2807735090.023857,15,15,7,July,2024
15:33:39,2024-07-15,Binance,SOL,binance,81700226.68025026,1069694.5466028277,1113546.6838922114,2183241.2304950394,15,15,7,July,2024
15:33:46,2024-07-15,Binance,USDT,binance,12714817113.508774,166474085.5689751,173298692.16221207,339772777.73118716,15,15,7,July,2024
15:33:53,2024-07-15,Binance,TONCOIN,binance,1688264529.2341392,22104312.723789584,23010479.21713995,45114791.94092953,15,15,7,July,2024
15:34:00,2024-07-15,Binance,USDC,binance,12737120935.70439,166766107.73268858,173602685.77707988,340368793.5097685,15,15,7,July,2024
15:34:07,2024-07-15,Binance,XRP,binance,23849406501.076893,312258375.65617186,325059410.4959976,637317786.1521695,15,15,7,July,2024
15:34:23,2024-07-15,Binance,BTC,binance,204272.41724763942,2614.7791568679463,2734.890043536181,5349.669200404127,15,15,7,July,2024
15:34:25,2024-07-15,Binance,ETH,binance,3821161.1031594523,48912.58713340226,51159.405643638274,100071.99277704052,15,15,7,July,2024
15:34:32,2024-07-15,Binance,BNB,binance,22363215.194541283,286259.25006972445,299408.67886662646,585667.9289363509,15,15,7,July,2024
15:34:39,2024-07-15,Binance,ADA,binance,29685977299.205704,379993910.77414346,397449077.2771084,777442988.0512518,15,15,7,July,2024
15:34:47,2024-07-15,Binance,DOGE,binance,106931770379.63843,1368774933.801783,1431650137.0541735,2800425070.855956,15,15,7,July,2024
15:34:54,2024-07-15,Binance,SOL,binance,83204408.72562824,1065053.9932248653,1113977.6582081115,2179031.6514329766,15,15,7,July,2024
15:35:01,2024-07-15,Binance,USDT,binance,12944118824.166628,165822462.16657254,173213843.8369201,339036306.0034926,15,15,7,July,2024
15:35:08,2024-07-15,Binance,TONCOIN,binance,1717885883.3845983,22007219.70909223,22988171.012358353,44995390.72145058,15,15,7,July,2024
15:35:15,2024-07-15,Binance,USDC,binance,12966826018.70861,166113355.8889646,173517703.87581488,339631059.76477945,15,15,7,July,2024
15:35:23,2024-07-15,Binance,XRP,binance,24268800526.557186,310898896.3875815,324756924.87217915,635655821.2597606,15,15,7,July,2024
15:45:30,2024-07-15,Binance,SOL,binance,83267002.52534652,1068979.6034865407,1115080.3537424416,2184059.9572289824,15,15,7,July,2024
15:45:33,2024-07-15,Binance,USDT,binance,12967768371.491894,166479871.6351417,173659472.59277844,340139344.2279201,15,15,7,July,2024
15:45:40,2024-07-15,Binance,TONCOIN,binance,1719896660.0496972,22079988.398022376,23032208.65318016,45112197.051202536,15,15,7,July,2024
15:45:47,2024-07-15,Binance,USDC,binance,12990151126.840765,166767220.86367303,173959214.0269024,340726434.8905754,15,15,7,July,2024
15:45:55,2024-07-15,Binance,XRP,binance,24254089048.73124,311373361.690878,324801630.6090437,636174992.2999216,15,15,7,July,2024
22:13:14,2024-07-15,Binance,BTC,binance,220752.07269046392,2941.587000281444,2843.9190355466562,5785.5060358281,22,15,7,July,2024
22:13:15,2024-07-15,Binance,ETH,binance,4111546.492976249,54787.579420603804,52968.49626098828,107756.07568159209,22,15,7,July,2024
22:13:20,2024-07-15,Binance,BNB,binance,24516089.84329611,326684.1860275184,315837.46296364313,642521.6489911615,22,15,7,July,2024
22:13:26,2024-07-15,Binance,ADA,binance,31863548230.850357,424591253.5106138,410493773.6228504,835085027.1334642,22,15,7,July,2024
22:13:32,2024-07-15,Binance,DOGE,binance,113357552776.9761,1510523093.0267732,1460369989.9002275,2970893082.9270005,22,15,7,July,2024
22:13:38,2024-07-15,Binance,SOL,binance,90596682.03713016,1207227.723395984,1167144.77677424,2374372.500170224,22,15,7,July,2024
22:13:43,2024-07-15,Binance,USDT,binance,14290934241.338665,190430947.59587613,184108169.08467564,374539116.68055177,22,15,7,July,2024
22:13:52,2024-07-15,Binance,TONCOIN,binance,1876058357.6832612,24999035.38603934,24169005.573474288,49168040.95951363,22,15,7,July,2024
22:13:58,2024-07-15,Binance,USDC,binance,14303382353.163795,190596822.3868875,184268536.42231664,374865358.80920416,22,15,7,July,2024
22:14:04,2024-07-15,Binance,XRP,binance,25794113520.873924,343714231.49978083,332302068.80061424,676016300.300395,22,15,7,July,2024
22:19:00,2024-07-15,Binance,BTC,binance,220581.75315965433,2936.3509537730483,2847.310487983405,5783.661441756453,22,15,7,July,2024
22:19:02,2024-07-15,Binance,ETH,binance,4111914.5343872537,54737.18470331607,53077.361167667375,107814.54587098345,22,15,7,July,2024
22:19:08,2024-07-15,Binance,BNB,binance,24508432.74304361,326252.5518528773,316359.4295254142,642611.9813782915,22,15,7,July,2024
22:19:14,2024-07-15,Binance,ADA,binance,31863380693.73287,424160507.1601602,411298472.02822787,835458979.188388,22,15,7,July,2024
22:19:20,2024-07-15,Binance,DOGE,binance,113670076592.16977,1513158876.6333303,1467274589.1928113,2980433465.826142,22,15,7,July,2024
22:19:25,2024-07-15,Binance,SOL,binance,90569698.80728474,1205650.139534529,1169090.596178323,2374740.735712852,22,15,7,July,2024
22:19:31,2024-07-15,Binance,USDT,binance,14254731719.95745,189756833.83648008,184002740.69926238,373759574.53574246,22,15,7,July,2024
22:19:37,2024-07-15,Binance,TONCOIN,binance,1875166109.3862977,24961927.788261216,24204994.535981454,49166922.32424267,22,15,7,July,2024
22:19:43,2024-07-15,Binance,USDC,binance,14267211858.124123,189922967.549192,184163836.65477294,374086804.20396495,22,15,7,July,2024
22:19:48,2024-07-15,Binance,XRP,binance,25530589298.867348,339859345.40948683,329553617.34951496,669412962.7590017,22,15,7,July,2024
22:21:16,2024-07-15,Binance,BTC,binance,220224.86633975568,2878.0154177515456,2844.746756989505,5722.76217474105,22,15,7,July,2024
22:21:16,2024-07-15,Binance,ETH,binance,4106118.2998211393,53660.932892861405,53040.63483553482,106701.56772839623,22,15,7,July,2024
22:21:22,2024-07-15,Binance,BNB,binance,24500209.942970287,320181.7448045791,316480.577053913,636662.3218584921,22,15,7,July,2024
22:21:28,2024-07-15,Binance,ADA,binance,31788633039.833332,415389066.774084,410628017.4181282,826017084.1922121,22,15,7,July,2024
22:21:34,2024-07-15,Binance,DOGE,binance,113527578625.67474,1483489865.0517035,1466486604.6591697,2949976469.710873,22,15,7,July,2024
22:21:40,2024-07-15,Binance,SOL,binance,90419633.67855074,1181533.260795559,1167990.925138924,2349524.1859344826,22,15,7,July,2024
22:21:46,2024-07-15,Binance,USDT,binance,14225599701.721975,185889043.32549936,183758445.81873965,369647489.14423895,22,15,7,July,2024
22:21:52,2024-07-15,Binance,TONCOIN,binance,1871435387.1336975,24454458.234028514,24174169.48322061,48628627.717249125,22,15,7,July,2024
22:21:58,2024-07-15,Binance,USDC,binance,14238033466.531498,186051518.06778362,183919058.3303371,369970576.3981207,22,15,7,July,2024
22:22:03,2024-07-15,Binance,XRP,binance,25410517708.154137,332044829.4775692,328239043.6541488,660283873.131718,22,15,7,July,2024
22:24:35,2024-07-15,Binance,BTC,binance,220763.35129251762,2876.4229478060365,2836.285371861571,5712.708319667607,22,15,7,July,2024
22:24:40,2024-07-15,Binance,ETH,binance,4115388.1572216847,53621.20508343119,52872.97534450787,106494.18042793905,22,15,7,July,2024
22:24:49,2024-07-15,Binance,BNB,binance,24590640.145402465,320402.2823595965,315931.3922386575,636333.6745982539,22,15,7,July,2024
22:25:00,2024-07-15,Binance,ADA,binance,31900554933.09541,415646382.06510466,409846456.7659044,825492838.831009,22,15,7,July,2024
22:25:11,2024-07-15,Binance,DOGE,binance,113897379233.98921,1485014215.377743,1462606654.0927231,2947620869.4704666,22,15,7,July,2024
22:25:20,2024-07-15,Binance,SOL,binance,90685564.42602867,1182374.460307325,1164533.467334447,2346907.927641772,22,15,7,July,2024
22:25:30,2024-07-15,Binance,USDT,binance,14261081164.039747,185938503.56949118,183132854.72732276,369071358.29681396,22,15,7,July,2024
22:25:39,2024-07-15,Binance,TONCOIN,binance,1876298987.3680959,24463518.715529766,24094385.686910223,48557904.40244,22,15,7,July,2024
22:25:49,2024-07-15,Binance,USDC,binance,14273046939.262838,186094515.46742782,183286512.54263312,369381028.01006097,22,15,7,July,2024
22:26:00,2024-07-15,Binance,XRP,binance,25506500814.979713,332558277.8948215,327540265.329283,660098543.2241046,22,15,7,July,2024
22:26:19,2024-07-15,Binance,BTC,binance,220689.03766770283,2878.938113866648,2835.432108850161,5714.37022271681,22,15,7,July,2024
22:26:24,2024-07-15,Binance,ETH,binance,4114216.4807900125,53670.87899073338,52859.814133394706,106530.6931241281,22,15,7,July,2024
22:26:33,2024-07-15,Binance,BNB,binance,24585486.51470684,320723.1991365128,315876.48671732977,636599.6858538426,22,15,7,July,2024
22:26:43,2024-07-15,Binance,ADA,binance,31886997859.654488,415973056.2293276,409686944.76903975,825660000.9983674,22,15,7,July,2024
22:26:52,2024-07-15,Binance,DOGE,binance,113862745063.13179,1485365109.0966933,1462918533.5428748,2948283642.6395683,22,15,7,July,2024
22:27:01,2024-07-15,Binance,SOL,binance,90644456.42396417,1182911.5903808495,1164704.9221727382,2347616.5125535876,22,15,7,July,2024
22:34:10,2024-07-15,Binance,BTC,binance,218409.79662988053,2789.2330051451913,2718.3102915497834,5507.543296694974,22,15,7,July,2024
22:34:14,2024-07-15,Binance,ETH,binance,4075979.3259155527,52052.86685651234,50729.30207684913,102782.16893336146,22,15,7,July,2024
22:34:24,2024-07-15,Binance,BNB,binance,24329992.5526918,310709.5894508081,302809.0780258691,613518.6674766772,22,15,7,July,2024
22:34:33,2024-07-15,Binance,ADA,binance,31423283738.94507,401295461.49999416,391091594.3327118,792387055.832706,22,15,7,July,2024
22:34:44,2024-07-15,Binance,DOGE,binance,112582301357.03589,1437748102.8123722,1401190025.1150248,2838938127.927397,22,15,7,July,2024
22:34:55,2024-07-15,Binance,SOL,binance,89887158.82068941,1147916.5952718728,1118728.155379005,2266644.7506508776,22,15,7,July,2024
22:35:04,2024-07-15,Binance,USDT,binance,14110999069.879427,180206496.90901333,175624329.07121217,355830825.9802255,22,15,7,July,2024
22:35:13,2024-07-15,Binance,TONCOIN,binance,1854959116.3777726,23689016.10839192,23086667.97121109,46775684.07960301,22,15,7,July,2024
22:35:22,2024-07-15,Binance,USDC,binance,14120471589.903557,180352976.18647003,175787266.05730364,356140242.2437737,22,15,7,July,2024
22:35:32,2024-07-15,Binance,XRP,binance,25326689349.32767,323483799.5331157,315294673.45724463,638778472.9903604,22,15,7,July,2024
22:35:51,2024-07-15,Binance,BTC,binance,218320.32055355783,2789.7595377016387,2718.12785394854,5507.88739165018,22,15,7,July,2024
22:35:56,2024-07-15,Binance,ETH,binance,4074423.462094228,52064.149068635415,50727.31605110904,102791.46511974446,22,15,7,July,2024
22:36:05,2024-07-15,Binance,BNB,binance,24317013.527345072,310729.7582026437,302751.2584533119,613481.0166559557,22,15,7,July,2024
22:36:14,2024-07-15,Binance,ADA,binance,31425217819.503986,401560426.96358186,391249699.7760651,792810126.739647,22,15,7,July,2024
22:36:23,2024-07-15,Binance,DOGE,binance,112522874651.15854,1437849495.510737,1400930334.932535,2838779830.443272,22,15,7,July,2024
22:36:33,2024-07-15,Binance,SOL,binance,89862054.62005834,1148283.0517934945,1118798.9879114586,2267082.0397049533,22,15,7,July,2024
22:36:42,2024-07-15,Binance,USDT,binance,14103299425.920815,180215996.324871,175588652.97088858,355804649.2957596,22,15,7,July,2024
22:36:51,2024-07-15,Binance,TONCOIN,binance,1854176428.9231708,23693197.06042216,23084835.093738023,46778032.15416019,22,15,7,July,2024
22:37:00,2024-07-15,Binance,USDC,binance,14115266986.654596,180368921.24095502,175737651.28717834,356106572.5281334,22,15,7,July,2024
22:37:09,2024-07-15,Binance,XRP,binance,25312576032.954807,323451340.82198375,315146193.4276803,638597534.2496641,22,15,7,July,2024
22:37:27,2024-07-15,Binance,BTC,binance,218239.7604679724,2789.9689167321467,2741.1559141752746,5531.124830907421,22,15,7,July,2024
22:37:31,2024-07-15,Binance,ETH,binance,4072991.411707358,52068.96952422269,51157.97631305223,103226.9458372749,22,15,7,July,2024
22:37:41,2024-07-15,Binance,BNB,binance,24309596.8945646,310772.97541332693,305335.7241405688,616108.6995538957,22,15,7,July,2024
22:37:50,2024-07-15,Binance,ADA,binance,31424557838.809185,401730369.4080787,394701737.1421471,796432106.5502257,22,15,7,July,2024
22:37:59,2024-07-15,Binance,DOGE,binance,112485133487.11446,1438005729.8017952,1412846532.885785,2850852262.68758,22,15,7,July,2024
22:38:09,2024-07-15,Binance,SOL,binance,89840650.94077682,1148519.5137965446,1128425.1372508612,2276944.651047406,22,15,7,July,2024
22:38:28,2024-07-15,Binance,USDT,binance,14098191115.678389,180230746.72804347,177077448.55038223,357308195.2784257,22,15,7,July,2024
22:38:38,2024-07-15,Binance,TONCOIN,binance,1853392977.057022,23710299.76323377,23278686.22048654,46988985.98372031,22,15,7,July,2024
22:38:47,2024-07-15,Binance,USDC,binance,14108738308.58694,180491897.14142534,177206289.28575504,357698186.4271804,22,15,7,July,2024
22:38:56,2024-07-15,Binance,XRP,binance,25301141880.13409,323675370.39158136,317783303.45401525,641458673.8455967,22,15,7,July,2024
22:39:15,2024-07-15,Binance,BTC,binance,218176.69692375927,2794.1296044167752,2742.6050176782487,5536.734622095023,22,15,7,July,2024
22:39:19,2024-07-15,Binance,ETH,binance,4071952.2863304364,52148.38519158751,51186.753350376304,103335.13854196381,22,15,7,July,2024
22:39:28,2024-07-15,Binance,BNB,binance,24292909.040299848,311112.6774030554,305375.6664544688,616488.3438575241,22,15,7,July,2024
22:39:37,2024-07-15,Binance,ADA,binance,31416237450.03962,402339206.5066294,394919951.0393126,797259157.545942,22,15,7,July,2024
22:39:46,2024-07-15,Binance,DOGE,binance,112435219640.2755,1439927270.902709,1413374580.7735472,2853301851.676256,22,15,7,July,2024
22:39:55,2024-07-15,Binance,SOL,binance,89773872.14906403,1150642.8644566312,1128803.2755883771,2279446.1400450086,22,15,7,July,2024
22:40:06,2024-07-15,Binance,USDT,binance,14086648693.344288,180550325.1123041,177123419.16929942,357673744.2816035,22,15,7,July,2024
22:40:15,2024-07-15,Binance,TONCOIN,binance,1852668817.8362458,23745886.24076414,23295181.327163063,47041067.567927204,22,15,7,July,2024
22:40:24,2024-07-15,Binance,USDC,binance,14098038791.854916,180696313.41895697,177266636.56875306,357962949.98771,22,15,7,July,2024
22:40:33,2024-07-15,Binance,XRP,binance,25249040561.402412,323620087.45833784,317477669.2694099,641097756.7277477,22,15,7,July,2024
12:45:48,2024-07-19,Binance,BTC,binance,192019.72504608703,3158.552965303574,2956.1390879555875,6114.692053259161,12,19,7,July,2024
12:45:54,2024-07-19,Binance,ETH,binance,3653213.499436583,60092.099021405214,56241.134704986755,116333.23372639198,12,19,7,July,2024
12:46:03,2024-07-19,Binance,BNB,binance,21220029.843435906,349050.5372285483,326681.85340182716,675732.3906303755,12,19,7,July,2024
12:46:12,2024-07-19,Binance,ADA,binance,29186490054.926624,480157501.3524282,449482155.2413568,929639656.5937849,12,19,7,July,2024
12:46:23,2024-07-19,Binance,DOGE,binance,102176935297.33601,1680949708.4400587,1573560541.4345088,3254510249.8745675,12,19,7,July,2024
12:46:33,2024-07-19,Binance,SOL,binance,74888452.43628842,1232017.009729086,1153308.3608342563,2385325.3705633422,12,19,7,July,2024
12:46:43,2024-07-19,Binance,USDT,binance,12742199680.446804,209626534.35829276,196234331.84683967,405860866.2051324,12,19,7,July,2024
12:46:53,2024-07-19,Binance,TONCOIN,binance,1748918661.739359,28772093.290733114,26933959.10029075,55706052.39102387,12,19,7,July,2024
12:47:02,2024-07-19,Binance,USDC,binance,12735925848.339708,209523321.27776206,196137712.6380272,405661033.91578925,12,19,7,July,2024
12:47:11,2024-07-19,Binance,XRP,binance,21965881588.25159,361368660.58814985,338282259.34269786,699650919.9308478,12,19,7,July,2024
12:47:29,2024-07-19,Binance,BTC,binance,192007.3198210401,3160.2320203494187,2960.5987627273494,6120.830783076768,12,19,7,July,2024
12:47:33,2024-07-19,Binance,ETH,binance,3652060.469369142,60108.95025413501,56311.84122093526,116420.79147507028,12,19,7,July,2024
12:47:43,2024-07-19,Binance,BNB,binance,21200484.57748,348936.95860721375,326894.4562520249,675831.4148592387,12,19,7,July,2024
12:47:52,2024-07-19,Binance,ADA,binance,29165147877.775063,480026669.2305074,449703171.74459743,929729840.9751048,12,19,7,July,2024
12:48:01,2024-07-19,Binance,DOGE,binance,102133968861.52911,1681014239.782155,1574823825.0797267,3255838064.8618817,12,19,7,July,2024
12:48:11,2024-07-19,Binance,SOL,binance,74849372.64486036,1231939.4091632618,1154117.2505810333,2386056.6597442953,12,19,7,July,2024
12:48:21,2024-07-19,Binance,USDT,binance,12730841380.287252,209535827.14175522,196299356.05624983,405835183.1980051,12,19,7,July,2024
12:48:30,2024-07-19,Binance,TONCOIN,binance,1747589001.8360448,28763417.59866367,26946419.75844487,55709837.35710855,12,19,7,July,2024
12:48:39,2024-07-19,Binance,USDC,binance,12723450579.811089,209414182.5901696,196185395.8449116,405599578.43508124,12,19,7,July,2024
12:48:48,2024-07-19,Binance,XRP,binance,21975699559.15516,361696155.5483919,338847649.06641513,700543804.614807,12,19,7,July,2024
12:55:55,2024-07-19,Binance,BTC,binance,192753.05581405121,3185.7697241301057,2952.316900023524,6138.08662415363,12,19,7,July,2024
12:55:59,2024-07-19,Binance,ETH,binance,3661494.8557480546,60516.18433356092,56081.565588264784,116597.74992182571,12,19,7,July,2024
12:56:08,2024-07-19,Binance,BNB,binance,21288972.511609465,351858.30802470446,326074.1733235812,677932.4813482857,12,19,7,July,2024
12:56:17,2024-07-19,Binance,ADA,binance,29312509522.471664,484469130.6219918,448967290.71200037,933436421.3339922,12,19,7,July,2024
12:56:44,2024-07-19,Binance,DOGE,binance,102769795498.40099,1698551038.1204631,1574081421.3321173,3272632459.4525805,12,19,7,July,2024
12:56:48,2024-07-19,Binance,SOL,binance,75297691.86491646,1245405.7686541649,1151134.41634375,2396540.184997915,12,19,7,July,2024
12:56:53,2024-07-19,Binance,USDT,binance,12764052492.31335,211114367.67344332,195134004.13759705,406248371.8110404,12,19,7,July,2024
12:56:58,2024-07-19,Binance,TONCOIN,binance,1752757058.2079344,28990181.468743578,26795761.24075948,55785942.709503055,12,19,7,July,2024
12:57:04,2024-07-19,Binance,USDC,binance,12757870170.848545,211012113.55880517,195039490.17794204,406051603.7367472,12,19,7,July,2024
12:57:13,2024-07-19,Binance,XRP,binance,22102117787.92359,365563728.59257776,337892275.7075466,703456004.3001244,12,19,7,July,2024
13:05:11,2024-07-19,Binance,BTC,binance,193132.07255366066,3168.652231444267,2848.901359846894,6017.553591291161,13,19,7,July,2024
13:05:16,2024-07-19,Binance,ETH,binance,3673154.0389567493,60264.18910170919,54182.88841488772,114447.07751659691,13,19,7,July,2024
13:05:26,2024-07-19,Binance,BNB,binance,21419245.852999248,351513.6978624142,315982.49036483857,667496.1882272527,13,19,7,July,2024
13:05:36,2024-07-19,Binance,ADA,binance,29392903912.926105,482370313.88761663,433612044.1028641,915982357.9904808,13,19,7,July,2024
13:05:48,2024-07-19,Binance,DOGE,binance,103106352705.29506,1692090167.9397643,1521052716.9747448,3213142884.9145093,13,19,7,July,2024
13:05:57,2024-07-19,Binance,SOL,binance,75641308.42216675,1241358.179326564,1115880.9779637635,2357239.157290328,13,19,7,July,2024
13:06:08,2024-07-19,Binance,USDT,binance,12793626699.95994,209957673.63791278,188735030.78472626,398692704.422639,13,19,7,July,2024
13:06:17,2024-07-19,Binance,TONCOIN,binance,1758578214.9847205,28860228.580036756,25943020.015077464,54803248.59511422,13,19,7,July,2024
13:06:27,2024-07-19,Binance,USDC,binance,12787460626.881214,209856481.5061231,188644067.21203285,398500548.718156,13,19,7,July,2024
13:06:36,2024-07-19,Binance,XRP,binance,22188482102.69354,364137722.0935004,327330470.93920016,691468193.0327005,13,19,7,July,2024
13:06:56,2024-07-19,Binance,BTC,binance,193055.98742689076,3172.3570002510996,2850.4684775521837,6022.825477803284,13,19,7,July,2024
13:07:01,2024-07-19,Binance,ETH,binance,3672348.755977948,60345.19539468753,54222.16895219196,114567.3643468795,13,19,7,July,2024
13:07:11,2024-07-19,Binance,BNB,binance,21415373.360038884,351904.1833262888,316197.63526328653,668101.8185895755,13,19,7,July,2024
13:07:21,2024-07-19,Binance,ADA,binance,29389154810.374767,482931880.211498,433930387.166048,916862267.3775461,13,19,7,July,2024
13:07:32,2024-07-19,Binance,DOGE,binance,103082781793.26814,1693888849.477252,1522015576.9132745,3215904426.390527,13,19,7,July,2024
13:07:42,2024-07-19,Binance,SOL,binance,75621938.33807649,1242643.5908920085,1116556.675175447,2359200.2660674555,13,19,7,July,2024
13:07:51,2024-07-19,Binance,USDT,binance,12790928455.951204,210184578.92850503,188857848.17278144,399042427.10128653,13,19,7,July,2024
13:08:01,2024-07-19,Binance,TONCOIN,binance,1758243343.7338815,28892010.31255947,25960434.0377028,54852444.35026228,13,19,7,July,2024
13:08:10,2024-07-19,Binance,USDC,binance,12784879369.90464,210085178.43478966,188768533.5168438,398853711.9516335,13,19,7,July,2024
13:08:20,2024-07-19,Binance,XRP,binance,22180119026.040466,364470725.805944,327489092.4376343,691959818.2435784,13,19,7,July,2024
13:08:39,2024-07-19,Binance,BTC,binance,192997.69275132092,3177.9309568874273,2851.7547398287193,6029.685696716147,13,19,7,July,2024
13:08:44,2024-07-19,Binance,ETH,binance,3671314.985982887,60452.461270990476,54247.74650633355,114700.20777732403,13,19,7,July,2024
13:08:53,2024-07-19,Binance,BNB,binance,21410153.295989037,352543.01738570014,316358.73606514046,668901.7534508406,13,19,7,July,2024
13:09:02,2024-07-19,Binance,ADA,binance,29380052429.707294,483776654.53051615,434122825.91787934,917899480.4483955,13,19,7,July,2024
13:09:12,2024-07-19,Binance,DOGE,binance,103060381437.21806,1697008766.9388473,1522831320.2212145,3219840087.160062,13,19,7,July,2024
13:09:21,2024-07-19,Binance,SOL,binance,75587690.17233141,1244639.0272021708,1116891.8687509827,2361530.8959531533,13,19,7,July,2024
13:09:30,2024-07-19,Binance,USDT,binance,12787541766.124317,210572184.4342397,188953286.35586622,399525470.79010594,13,19,7,July,2024
13:09:41,2024-07-19,Binance,TONCOIN,binance,1758226238.757436,28952674.923458863,25980179.14986817,54932854.073327035,13,19,7,July,2024
13:09:50,2024-07-19,Binance,USDC,binance,12780897182.697138,210462768.2170725,188855103.61691654,399317871.833989,13,19,7,July,2024
13:10:00,2024-07-19,Binance,XRP,binance,22178474981.212673,365212486.4675639,327717071.09204775,692929557.5596117,13,19,7,July,2024
13:10:18,2024-07-19,Binance,BTC,binance,192932.3048365712,3175.869091754069,2852.5529418361903,6028.42203359026,13,19,7,July,2024
13:10:23,2024-07-19,Binance,ETH,binance,3669575.6331304754,60405.08272051628,54255.60419466127,114660.68691517756,13,19,7,July,2024
13:10:33,2024-07-19,Binance,BNB,binance,21408420.969970077,352405.17402920575,316528.920699339,668934.0947285448,13,19,7,July,2024
13:10:42,2024-07-19,Binance,ADA,binance,29364011078.159065,483362572.54607946,434154333.3350341,917516905.8811135,13,19,7,July,2024
13:10:52,2024-07-19,Binance,DOGE,binance,103034538819.92993,1696057109.2463486,1523391725.7687478,3219448835.0150967,13,19,7,July,2024
13:11:01,2024-07-19,Binance,SOL,binance,75513467.08077952,1243031.2607117982,1116485.7168528303,2359516.9775646287,13,19,7,July,2024
13:11:10,2024-07-19,Binance,USDT,binance,12785223656.86825,210458257.24937952,189032766.6241617,399491023.87354124,13,19,7,July,2024
13:11:20,2024-07-19,Binance,TONCOIN,binance,1758198428.4291904,28941799.304936353,25995408.61545117,54937207.92038753,13,19,7,July,2024
13:11:30,2024-07-19,Binance,USDC,binance,12778516796.890242,210347855.2649896,188933604.00244856,399281459.2674382,13,19,7,July,2024
13:11:40,2024-07-19,Binance,XRP,binance,22174481196.441715,365015332.7982841,327855314.9726901,692870647.7709743,13,19,7,July,2024
13:12:00,2024-07-19,Binance,BTC,binance,192878.58664418105,3174.773196484912,2852.136425560541,6026.909622045453,13,19,7,July,2024
13:12:05,2024-07-19,Binance,ETH,binance,3668814.429720611,60388.526881117476,54251.53437551884,114640.06125663633,13,19,7,July,2024
13:12:14,2024-07-19,Binance,BNB,binance,21404934.10752562,352324.289903999,316519.2845767819,668843.574480781,13,19,7,July,2024
13:12:24,2024-07-19,Binance,ADA,binance,29350518019.058674,483213705.4971987,434344726.49435616,917558431.9915549,13,19,7,July,2024
13:12:34,2024-07-19,Binance,DOGE,binance,102996061027.79987,1695680746.3684752,1524191018.6411936,3219871765.009669,13,19,7,July,2024
13:12:44,2024-07-19,Binance,SOL,binance,75462497.63818106,1242380.5633052522,1116734.5624344097,2359115.125739662,13,19,7,July,2024
13:12:54,2024-07-19,Binance,USDT,binance,12782058854.950659,210438058.33932194,189155770.73574135,399593829.0750633,13,19,7,July,2024
13:13:06,2024-07-19,Binance,TONCOIN,binance,1757360298.4921067,28932388.218041707,26006361.37682297,54938749.594864674,13,19,7,July,2024
13:15:31,2024-07-19,Binance,USDT,binance,12782058854.950659,210438058.33932194,189155770.73574135,399593829.0750633,13,19,7,July,2024
13:15:35,2024-07-19,Binance,TONCOIN,binance,1757360298.4921067,28932388.218041707,26006361.37682297,54938749.594864674,13,19,7,July,2024
13:15:45,2024-07-19,Binance,USDC,binance,12775304036.310316,210326850.0484481,189055809.30225134,399382659.3506994,13,19,7,July,2024
13:15:54,2024-07-19,Binance,XRP,binance,22167263529.174263,364951839.8179449,328043069.2383503,692994909.0562952,13,19,7,July,2024
13:16:14,2024-07-19,Binance,BTC,binance,192792.95267461124,3173.3023827994,2854.2744935422766,6027.576876341677,13,19,7,July,2024
13:16:18,2024-07-19,Binance,ETH,binance,3666245.118068363,60345.07074918144,54278.28031265211,114623.35106183356,13,19,7,July,2024
13:16:27,2024-07-19,Binance,BNB,binance,21403210.464620043,352289.1154718023,316871.7365524695,669160.8520242719,13,19,7,July,2024
13:16:37,2024-07-19,Binance,ADA,binance,29348115671.283253,483059386.239795,434495020.8602902,917554407.1000853,13,19,7,July,2024
13:16:47,2024-07-19,Binance,DOGE,binance,102994939691.97441,1695259515.4888327,1524826635.2499359,3220086150.7387686,13,19,7,July,2024
13:16:57,2024-07-19,Binance,SOL,binance,75448524.68399228,1241855.471566421,1117005.5574820468,2358861.029048468,13,19,7,July,2024
13:17:06,2024-07-19,Binance,USDT,binance,12781343268.381393,210376294.8087933,189226118.37229,399602413.1810833,13,19,7,July,2024
13:17:16,2024-07-19,Binance,TONCOIN,binance,1757118594.502959,28924119.486208163,26016233.733405408,54940353.21961357,13,19,7,July,2024
13:17:26,2024-07-19,Binance,USDC,binance,12774419295.017769,210281099.52961674,189140493.54859668,399421593.0782134,13,19,7,July,2024
13:17:34,2024-07-19,Binance,XRP,binance,22154593739.668617,364689166.96874404,328025149.12939095,692714316.0981349,13,19,7,July,2024
13:17:52,2024-07-19,Binance,BTC,binance,192741.32618772023,3173.3023827918573,2854.2744935384467,6027.576876330304,13,19,7,July,2024
13:17:57,2024-07-19,Binance,ETH,binance,3664873.373409831,60345.26788328267,54278.556468396404,114623.82435167907,13,19,7,July,2024
13:18:06,2024-07-19,Binance,BNB,binance,21398685.785972856,352347.62419725274,316924.94022044167,669272.5644176943,13,19,7,July,2024
13:18:16,2024-07-19,Binance,ADA,binance,29340442119.065254,483115420.12203294,434546212.6801043,917661632.8021373,13,19,7,July,2024
13:18:25,2024-07-19,Binance,DOGE,binance,102976023775.83557,1695588116.4664671,1525124977.567016,3220713094.033483,13,19,7,July,2024
13:18:34,2024-07-19,Binance,SOL,binance,75420927.3634765,1241869.9371105493,1117020.602812378,2358890.5399229275,13,19,7,July,2024
13:18:43,2024-07-19,Binance,USDT,binance,12776447275.41659,210375108.46228978,189225395.87198946,399600504.33427924,13,19,7,July,2024
13:18:53,2024-07-19,Binance,TONCOIN,binance,1756801388.1279466,28927234.19954529,26019082.68948983,54946316.88903512,13,19,7,July,2024
13:19:03,2024-07-19,Binance,USDC,binance,12770667185.15085,210279934.3430402,189139789.92495793,399419724.2679981,13,19,7,July,2024
13:19:13,2024-07-19,Binance,XRP,binance,22149489671.075314,364710250.93984133,328044710.78875154,692754961.7285929,13,19,7,July,2024
13:23:53,2024-07-19,Binance,BTC,binance,193951.4643035349,3195.5747414826346,2786.9713692721666,5982.546110754801,13,19,7,July,2024
13:23:58,2024-07-19,Binance,ETH,binance,3689269.140384621,60787.32610496272,53016.072887089846,113803.39899205256,13,19,7,July,2024
13:24:07,2024-07-19,Binance,BNB,binance,21597709.470565334,355861.0008514112,310366.5511826304,666227.5520340416,13,19,7,July,2024
13:24:16,2024-07-19,Binance,ADA,binance,29529378251.199593,486549470.1330806,424347373.4510002,910896843.5840808,13,19,7,July,2024
13:24:26,2024-07-19,Binance,DOGE,binance,103436365983.64967,1704299651.4764643,1486416335.9990497,3190715987.475514,13,19,7,July,2024
13:24:35,2024-07-19,Binance,SOL,binance,75872638.16583684,1250137.7977942089,1090316.0387795514,2340453.83657376,13,19,7,July,2024
13:24:44,2024-07-19,Binance,USDT,binance,12881532544.849785,212246352.79762748,185112075.67360568,397358428.4712332,13,19,7,July,2024
13:24:54,2024-07-19,Binance,TONCOIN,binance,1769966241.9021974,29163368.419921607,25435026.753996197,54598395.17391781,13,19,7,July,2024
13:25:03,2024-07-19,Binance,USDC,binance,12874966134.91933,212138159.4166101,185017714.0929694,397155873.5095795,13,19,7,July,2024
13:25:13,2024-07-19,Binance,XRP,binance,22244503851.152077,366518098.3521603,319661210.02136505,686179308.3735254,13,19,7,July,2024
13:25:31,2024-07-19,Binance,BTC,binance,193937.3627304779,3195.465894094395,2786.9469444501087,5982.412838544504,13,19,7,July,2024
13:25:35,2024-07-19,Binance,ETH,binance,3689269.140384621,60787.32610496272,53016.072887089846,113803.39899205256,13,19,7,July,2024
13:25:45,2024-07-19,Binance,BNB,binance,21597709.470565334,355861.0008514112,310366.5511826304,666227.5520340416,13,19,7,July,2024
13:25:55,2024-07-19,Binance,ADA,binance,29529378251.199593,486549470.1330806,424347373.4510002,910896843.5840808,13,19,7,July,2024
13:26:04,2024-07-19,Binance,DOGE,binance,103436365983.64967,1704299651.4764643,1486416335.9990497,3190715987.475514,13,19,7,July,2024
13:26:13,2024-07-19,Binance,SOL,binance,75872638.16583684,1250137.7977942089,1090316.0387795514,2340453.83657376,13,19,7,July,2024
13:26:23,2024-07-19,Binance,USDT,binance,12881532544.849785,212246352.79762748,185112075.67360568,397358428.4712332,13,19,7,July,2024
13:26:32,2024-07-19,Binance,TONCOIN,binance,1769966241.9021974,29163368.419921607,25435026.753996197,54598395.17391781,13,19,7,July,2024
13:26:41,2024-07-19,Binance,USDC,binance,12874966134.91933,212138159.4166101,185017714.0929694,397155873.5095795,13,19,7,July,2024
13:26:51,2024-07-19,Binance,XRP,binance,22242101651.582127,366243991.39609915,319818567.1651468,686062558.5612459,13,19,7,July,2024
13:27:10,2024-07-19,Binance,BTC,binance,193930.58923067132,3193.309434793731,2788.5226022620104,5981.832037055741,13,19,7,July,2024
13:27:15,2024-07-19,Binance,ETH,binance,3688340.2657113858,60733.1304254245,53034.543114473396,113767.67353989789,13,19,7,July,2024
13:27:21,2024-07-19,Binance,BNB,binance,21593533.328032855,355564.5036736399,310492.8211005219,666057.3247741617,13,19,7,July,2024
13:27:30,2024-07-19,Binance,ADA,binance,29524942024.496098,486165056.7998686,424538328.3389813,910703385.1388499,13,19,7,July,2024
13:27:40,2024-07-19,Binance,DOGE,binance,103385457705.18372,1702471597.0374458,1486332155.5025697,3188803752.5400157,13,19,7,July,2024
13:27:49,2024-07-19,Binance,SOL,binance,75863680.52611975,1249264.298957259,1090662.3649361879,2339926.663893447,13,19,7,July,2024
13:27:59,2024-07-19,Binance,USDT,binance,12881946239.771357,212129907.57668656,185198686.03016847,397328593.60685503,13,19,7,July,2024
13:28:09,2024-07-19,Binance,TONCOIN,binance,1769999921.631296,29146987.015609026,25446594.300135456,54593581.31574449,13,19,7,July,2024
13:28:19,2024-07-19,Binance,USDC,binance,12875277803.978662,212020096.94387877,185102816.54556602,397122913.48944485,13,19,7,July,2024
13:28:28,2024-07-19,Binance,XRP,binance,22242473758.60773,366271820.6448655,319771316.9642733,686043137.6091388,13,19,7,July,2024
13:28:48,2024-07-19,Binance,BTC,binance,193933.99408090542,3193.554721828301,2788.1129304420724,5981.667652270374,13,19,7,July,2024
13:28:53,2024-07-19,Binance,ETH,binance,3687885.053027815,60729.23305928341,53019.2762288047,113748.50928808811,13,19,7,July,2024
13:28:58,2024-07-19,Binance,BNB,binance,21593996.403375026,355593.19810828136,310448.4124998352,666041.6106081166,13,19,7,July,2024
13:29:07,2024-07-19,Binance,ADA,binance,29519813896.70206,486109418.33114976,424394780.3978232,910504198.728973,13,19,7,July,2024
13:29:16,2024-07-19,Binance,DOGE,binance,103385457705.18372,1702471597.0374458,1486332155.5025697,3188803752.5400157,13,19,7,July,2024
13:29:26,2024-07-19,Binance,SOL,binance,75863680.52611975,1249264.298957259,1090662.3649361879,2339926.663893447,13,19,7,July,2024
13:29:35,2024-07-19,Binance,USDT,binance,12881946239.771357,212129907.57668656,185198686.03016847,397328593.60685503,13,19,7,July,2024
13:29:45,2024-07-19,Binance,TONCOIN,binance,1769999921.631296,29146987.015609026,25446594.300135456,54593581.31574449,13,19,7,July,2024
13:34:50,2024-07-19,Binance,BTC,binance,195797.55563151566,3160.218126279566,2909.5846395922495,6069.802765871816,13,19,7,July,2024
13:34:53,2024-07-19,Binance,ETH,binance,3715011.9888258395,59961.15829212939,55205.70358360936,115166.86187573874,13,19,7,July,2024
13:35:03,2024-07-19,Binance,BNB,binance,21836424.15400007,352444.9689988491,324492.9391338795,676937.9081327285,13,19,7,July,2024
13:35:12,2024-07-19,Binance,ADA,binance,29810379991.53691,481146472.4198682,442987265.31100214,924133737.7308702,13,19,7,July,2024
13:35:21,2024-07-19,Binance,DOGE,binance,104575516734.01045,1687873183.5132139,1554009784.1636355,3241882967.6768494,13,19,7,July,2024
20:06:27,2024-07-19,Binance,BTC,binance,213295.34400446244,2858.7635902801458,2949.956005314976,5808.719595595122,20,19,7,July,2024
20:06:28,2024-07-19,Binance,ETH,binance,4059492.7969349124,54408.736660652314,56144.3345645674,110553.0712252197,20,19,7,July,2024
20:06:34,2024-07-19,Binance,BNB,binance,23941579.92781312,321208.2663540263,330588.422635939,651796.6889899654,20,19,7,July,2024
20:06:39,2024-07-19,Binance,ADA,binance,32418418687.36351,434936378.2968251,447637705.2191426,882574083.5159677,20,19,7,July,2024
20:06:46,2024-07-19,Binance,DOGE,binance,113213541327.0756,1518910842.4387739,1563267176.2345676,3082178018.6733418,20,19,7,July,2024
20:06:51,2024-07-19,Binance,SOL,binance,84073542.00329177,1127958.837910597,1160898.308302385,2288857.146212982,20,19,7,July,2024
20:08:20,2024-07-19,Binance,USDT,binance,14227123901.18896,190875866.0574436,196449961.2524,387325827.3098436,20,19,7,July,2024
20:08:24,2024-07-19,Binance,TONCOIN,binance,1948649331.8703632,26143733.016335826,26907201.230493005,53050934.24682884,20,19,7,July,2024
20:08:34,2024-07-19,Binance,USDC,binance,14229619072.170485,190909342.10821587,196484414.89503664,387393757.0032525,20,19,7,July,2024
20:08:43,2024-07-19,Binance,XRP,binance,24809027930.602768,332846239.70283765,342566256.5059496,675412496.2087873,20,19,7,July,2024
20:20:41,2024-07-19,Binance,BTC,binance,212981.93455626967,2893.4151410612253,3026.2649350929532,5919.680076154178,20,19,7,July,2024
20:20:45,2024-07-19,Binance,ETH,binance,4061337.305229732,55174.326763399076,57707.63000161619,112881.95676501526,20,19,7,July,2024
20:20:55,2024-07-19,Binance,BNB,binance,23948470.52208574,325415.44432987727,340282.01542888494,665697.4597587622,20,19,7,July,2024
20:21:04,2024-07-19,Binance,ADA,binance,32431180399.553783,440679790.80878925,460812201.71954334,901491992.5283326,20,19,7,July,2024
20:21:14,2024-07-19,Binance,DOGE,binance,112912439435.49155,1534271327.072237,1604364354.8203797,3138635681.8926167,20,19,7,July,2024
20:21:23,2024-07-19,Binance,SOL,binance,83996686.06630921,1141359.6911459314,1193502.5912252578,2334862.282371189,20,19,7,July,2024
20:21:32,2024-07-19,Binance,USDT,binance,14213564849.947603,193136071.75421375,201959473.3245659,395095545.07877964,20,19,7,July,2024
20:21:41,2024-07-19,Binance,TONCOIN,binance,1944220660.6043599,26418364.77876222,27625285.056045845,54043649.83480807,20,19,7,July,2024
20:21:51,2024-07-19,Binance,USDC,binance,14215220981.936426,193158575.52649075,201983005.17936438,395141580.70585513,20,19,7,July,2024
20:22:00,2024-07-19,Binance,XRP,binance,24764016881.657818,336497211.7741494,351870052.27887696,688367264.0530263,20,19,7,July,2024
20:22:19,2024-07-19,Binance,BTC,binance,212918.18067667872,2898.2347260363863,3021.2326290667947,5919.467355103181,20,19,7,July,2024
20:22:23,2024-07-19,Binance,ETH,binance,4061338.109711097,55282.79034853195,57628.93133754643,112911.72168607838,20,19,7,July,2024
20:22:32,2024-07-19,Binance,BNB,binance,23931688.804828547,325757.29947727936,339582.08198112797,665339.3814584073,20,19,7,July,2024
20:22:41,2024-07-19,Binance,ADA,binance,32415247249.361874,441235196.22693354,459960734.0143247,901195930.2412583,20,19,7,July,2024
20:22:51,2024-07-19,Binance,DOGE,binance,112867996609.64961,1536355167.9458501,1601556396.221002,3137911564.166852,20,19,7,July,2024
20:23:00,2024-07-19,Binance,SOL,binance,83949604.652995,1142719.0419769802,1191214.7848005106,2333933.826777491,20,19,7,July,2024
20:23:09,2024-07-19,Binance,USDT,binance,14203382339.28846,193335936.8000958,201540901.90978956,394876838.70988536,20,19,7,July,2024
20:23:19,2024-07-19,Binance,TONCOIN,binance,1943030855.472268,26448467.111605026,27570911.047519453,54019378.15912448,20,19,7,July,2024
20:23:28,2024-07-19,Binance,USDC,binance,14205165582.295849,193360210.2406848,201566205.48857442,394926415.7292592,20,19,7,July,2024
20:23:38,2024-07-19,Binance,XRP,binance,24737483924.010178,336725754.068901,351016025.7555732,687741779.8244742,20,19,7,July,2024
20:23:56,2024-07-19,Binance,BTC,binance,212827.22065167248,2921.970490689202,3024.2577700814377,5946.22826077064,20,19,7,July,2024
20:24:01,2024-07-19,Binance,ETH,binance,4059515.7200202197,55734.34217703672,57685.39344472435,113419.73562176108,20,19,7,July,2024
20:24:06,2024-07-19,Binance,BNB,binance,23918699.69089227,328387.1981151812,339882.8080775249,668270.0061927061,20,19,7,July,2024
20:24:16,2024-07-19,Binance,ADA,binance,32398146634.706448,444804137.9752425,460375070.4267762,905179208.4020187,20,19,7,July,2024
20:24:25,2024-07-19,Binance,DOGE,binance,112831270640.70242,1549095281.2783847,1603323324.424687,3152418605.7030716,20,19,7,July,2024
20:24:34,2024-07-19,Binance,SOL,binance,83900250.14932874,1151892.3864490844,1192215.8389746833,2344108.2254237677,20,19,7,July,2024
20:24:44,2024-07-19,Binance,USDT,binance,14195183413.194675,194890047.03567138,201712420.0731218,396602467.1087932,20,19,7,July,2024
20:24:53,2024-07-19,Binance,TONCOIN,binance,1941839484.4616525,26660112.620361343,27593383.643089626,54253496.263450965,20,19,7,July,2024
20:25:03,2024-07-19,Binance,USDC,binance,14197775174.622028,194925630.1269059,201749248.7955515,396674878.9224574,20,19,7,July,2024
20:25:12,2024-07-19,Binance,XRP,binance,24723654918.27053,339438676.4623745,351321157.42735106,690759833.8897256,20,19,7,July,2024
20:25:30,2024-07-19,Binance,BTC,binance,212795.45682428445,2918.5427384946165,3031.755379413477,5950.298117908093,20,19,7,July,2024
20:25:34,2024-07-19,Binance,ETH,binance,4056265.536689387,55632.69302918581,57790.7303319087,113423.4233610945,20,19,7,July,2024
20:25:44,2024-07-19,Binance,BNB,binance,23911592.74106107,327953.45540619735,340675.03604138526,668628.4914475826,20,19,7,July,2024
20:25:53,2024-07-19,Binance,ADA,binance,32390987523.37174,444250468.688662,461483304.8319583,905733773.5206202,20,19,7,July,2024
20:26:02,2024-07-19,Binance,DOGE,binance,112828452351.66928,1547470351.204278,1607497981.7380824,3154968332.9423604,20,19,7,July,2024
20:26:11,2024-07-19,Binance,SOL,binance,83871026.59556663,1150312.0381122965,1194933.5754287664,2345245.613541063,20,19,7,July,2024
20:26:21,2024-07-19,Binance,USDT,binance,14191020002.841578,194633377.04303175,202183363.6631912,396816740.7062229,20,19,7,July,2024
20:26:30,2024-07-19,Binance,TONCOIN,binance,1941296062.1061711,26625359.440858033,27658178.737267666,54283538.178125694,20,19,7,July,2024
20:26:39,2024-07-19,Binance,USDC,binance,14191889110.463749,194707198.98434967,202245684.1998169,396952883.18416655,20,19,7,July,2024
20:26:49,2024-07-19,Binance,XRP,binance,24726995250.3859,339244757.83510625,352379308.6103464,691624066.4454526,20,19,7,July,2024
21:11:01,2024-07-19,Binance,BTC,binance,213871.82520162832,2826.302530042277,2922.6992042335987,5749.001734275876,21,19,7,July,2024
21:11:05,2024-07-19,Binance,ETH,binance,4077265.559332682,53880.80433283955,55718.51642672548,109599.32075956505,21,19,7,July,2024
21:11:14,2024-07-19,Binance,BNB,binance,24139452.365912057,319018.87500576273,329899.0748212606,648917.9498270233,21,19,7,July,2024
21:11:23,2024-07-19,Binance,ADA,binance,32620055189.42943,431095666.6047997,445798266.85743594,876893933.4622357,21,19,7,July,2024
21:11:32,2024-07-19,Binance,DOGE,binance,113770424758.26164,1503551628.4769318,1554830544.6553261,3058382173.132258,21,19,7,July,2024
21:11:42,2024-07-19,Binance,SOL,binance,83758120.00775923,1106919.1136749072,1144670.8019916539,2251589.915666561,21,19,7,July,2024
21:11:52,2024-07-19,Binance,USDT,binance,14238802016.220095,188175213.41365752,194592965.09755883,382768178.51121634,21,19,7,July,2024
21:12:01,2024-07-19,Binance,TONCOIN,binance,1952419066.0552268,25802513.02106153,26682512.66812336,52485025.68918489,21,19,7,July,2024
21:12:10,2024-07-19,Binance,USDC,binance,14240254562.54025,188194409.77676988,194612816.1563107,382807225.93308055,21,19,7,July,2024
21:12:20,2024-07-19,Binance,XRP,binance,24683969772.882053,326215033.72384226,337340659.9102886,663555693.6341308,21,19,7,July,2024
21:44:59,2024-07-19,Binance,BTC,binance,211640.22238658715,3088.255441419604,2963.6655558070343,6051.920997226638,21,19,7,July,2024
21:45:03,2024-07-19,Binance,ETH,binance,4037169.60554224,58910.40399435819,56533.77400559227,115444.17799995045,21,19,7,July,2024
21:45:13,2024-07-19,Binance,BNB,binance,23904081.36936112,348808.50401972065,334736.47777679696,683544.9817965176,21,19,7,July,2024
21:45:22,2024-07-19,Binance,ADA,binance,32286055409.1267,471118321.341971,452111934.4418639,923230255.7838348,21,19,7,July,2024
21:45:31,2024-07-19,Binance,DOGE,binance,112527031652.29832,1642065243.54298,1575712285.2714267,3217777528.8144064,21,19,7,July,2024
21:45:40,2024-07-19,Binance,SOL,binance,82931465.46766186,1210188.12138684,1161286.5553651068,2371474.6767519466,21,19,7,July,2024
21:45:49,2024-07-19,Binance,USDT,binance,14072089442.904634,205348782.7673435,197051000.8931733,402399783.6605168,21,19,7,July,2024
21:45:59,2024-07-19,Binance,TONCOIN,binance,1929327248.1332047,28143012.77400941,27030668.3848559,55173681.15886531,21,19,7,July,2024
21:46:08,2024-07-19,Binance,USDC,binance,14073300409.862238,205286621.84730604,197172727.8653862,402459349.71269226,21,19,7,July,2024
21:46:17,2024-07-19,Binance,XRP,binance,24339841336.619965,355044208.44968253,341011189.4427346,696055397.8924172,21,19,7,July,2024
21:46:39,2024-07-19,Binance,BTC,binance,211543.70926420297,3087.196626748119,2962.5149743650454,6049.711601113165,21,19,7,July,2024
21:46:46,2024-07-19,Binance,ETH,binance,4035092.517413173,58886.76175577722,56508.520377957226,115395.28213373445,21,19,7,July,2024
21:46:56,2024-07-19,Binance,BNB,binance,23892172.950367168,348674.21014129714,334592.4129900829,683266.6231313801,21,19,7,July,2024
21:47:05,2024-07-19,Binance,ADA,binance,32278581147.89174,471062586.46306837,452037927.92749405,923100514.3905624,21,19,7,July,2024
21:47:16,2024-07-19,Binance,DOGE,binance,112491432784.18192,1641661541.4247906,1575360266.0654073,3217021807.490198,21,19,7,July,2024
21:47:25,2024-07-19,Binance,SOL,binance,82890026.42010038,1209668.7291967557,1160814.2135220435,2370482.942718799,21,19,7,July,2024
21:47:34,2024-07-19,Binance,USDT,binance,14066564239.98018,205282633.18559027,196991947.1666411,402274580.3522314,21,19,7,July,2024
21:47:49,2024-07-19,Binance,TONCOIN,binance,1928818952.082362,28148524.87548843,27011699.13422725,55160224.009715684,21,19,7,July,2024
21:48:05,2024-07-19,Binance,USDC,binance,14067527357.99134,205294495.31420738,197024924.63497606,402319419.9491834,21,19,7,July,2024
21:48:19,2024-07-19,Binance,XRP,binance,24339515125.657253,355198774.2235175,340890833.9929621,696089608.2164795,21,19,7,July,2024
21:48:55,2024-07-19,Binance,BTC,binance,211487.8185818217,3086.0375492524113,2962.1341985232475,6048.171747775658,21,19,7,July,2024
21:49:07,2024-07-19,Binance,ETH,binance,4033656.3695311313,58859.25298500474,56496.074135147814,115355.32712015255,21,19,7,July,2024
21:49:17,2024-07-19,Binance,BNB,binance,23880010.7544507,348457.94126092823,334467.4742554719,682925.4155164001,21,19,7,July,2024
21:49:27,2024-07-19,Binance,ADA,binance,32267183212.283607,470843851.2887162,451939631.9090691,922783483.1977853,21,19,7,July,2024
21:53:09,2024-07-19,Binance,BTC,binance,211734.66873586547,2973.8882787508537,2945.603843112637,5919.492121863491,21,19,7,July,2024
21:53:13,2024-07-19,Binance,ETH,binance,4034508.5058260057,56681.65506029887,56130.27416188384,112811.9292221827,21,19,7,July,2024
21:53:23,2024-07-19,Binance,BNB,binance,23887160.881877277,335595.7265974901,332331.1593748372,667926.8859723273,21,19,7,July,2024
21:53:32,2024-07-19,Binance,ADA,binance,32272172087.88039,453398505.3421846,448987990.6006927,902386495.9428773,21,19,7,July,2024
21:53:42,2024-07-19,Binance,DOGE,binance,112702890564.71007,1583386516.1178095,1567983841.674614,3151370357.7924237,21,19,7,July,2024
21:53:51,2024-07-19,Binance,SOL,binance,82771458.1510811,1162873.552746917,1151561.49307656,2314435.0458234767,21,19,7,July,2024
21:54:00,2024-07-19,Binance,USDT,binance,14052062302.681698,197420366.61374265,195499924.82365888,392920291.43740153,21,19,7,July,2024
21:54:10,2024-07-19,Binance,TONCOIN,binance,1927235324.455579,27076132.749024723,26812744.843627818,53888877.59265254,21,19,7,July,2024
21:54:20,2024-07-19,Binance,USDC,binance,14054621535.569925,197456321.81264234,195535530.26195526,392991852.0745976,21,19,7,July,2024
21:54:31,2024-07-19,Binance,XRP,binance,24322511439.812828,341712057.77378523,338387992.84988487,680100050.6236701,21,19,7,July,2024
21:54:49,2024-07-19,Binance,BTC,binance,211693.9014765063,2971.5349166874466,2944.0838065595003,5915.618723246947,21,19,7,July,2024
21:54:53,2024-07-19,Binance,ETH,binance,4033394.5191205363,56616.523020964676,56093.49823677589,112710.02125774056,21,19,7,July,2024
21:54:58,2024-07-19,Binance,BNB,binance,23880463.937509514,335208.6759328785,332112.0102241227,667320.6861570012,21,19,7,July,2024
23:02:24,2024-07-19,Binance,BTC,binance,210933.5845546541,2995.6569247882735,2927.03389121694,5922.6908160052135,23,19,7,July,2024
23:02:30,2024-07-19,Binance,ETH,binance,4020240.858352484,57095.04435752806,55787.1391988022,112882.18355633026,23,19,7,July,2024
23:02:34,2024-07-19,Binance,BNB,binance,23823305.593849514,338336.11904068815,330585.6818450254,668921.8008857135,23,19,7,July,2024
23:02:38,2024-07-19,Binance,ADA,binance,32278193701.683514,458411564.4090398,447910498.04405457,906322062.4530944,23,19,7,July,2024
23:02:42,2024-07-19,Binance,DOGE,binance,112524096471.31438,1598055565.743711,1561448095.8330376,3159503661.5767484,23,19,7,July,2024
23:02:46,2024-07-19,Binance,SOL,binance,82131987.93238087,1166429.9875040217,1139709.9837783761,2306139.971282398,23,19,7,July,2024
23:02:50,2024-07-19,Binance,USDT,binance,14048107554.768698,199509768.75239742,194939497.22176397,394449265.9741614,23,19,7,July,2024
23:02:55,2024-07-19,Binance,TONCOIN,binance,1917081862.117326,27226198.083926946,26602513.746220235,53828711.83014718,23,19,7,July,2024
23:02:59,2024-07-19,Binance,USDC,binance,14052244285.949272,199568518.18024808,194996900.84665358,394565419.02690166,23,19,7,July,2024
23:03:04,2024-07-19,Binance,XRP,binance,24397800241.287792,346495032.5322775,338557694.9643438,685052727.4966213,23,19,7,July,2024
23:03:17,2024-07-19,Binance,BTC,binance,211529.65521385008,2995.938732321078,2927.200444498853,5923.139176819931,23,19,7,July,2024
23:03:21,2024-07-19,Binance,ETH,binance,4031593.0012727696,57100.29458165934,55790.1955327889,112890.49011444824,23,19,7,July,2024
23:03:26,2024-07-19,Binance,BNB,binance,23868342.926481336,338052.3311375644,330296.11830650107,668348.4494440655,23,19,7,July,2024
23:03:31,2024-07-19,Binance,ADA,binance,32361707340.204105,458345627.0778656,447829426.1635272,906175053.2413929,23,19,7,July,2024
23:03:35,2024-07-19,Binance,DOGE,binance,112829481404.29456,1598027534.9339957,1561362674.1145515,3159390209.0485473,23,19,7,July,2024
23:03:39,2024-07-19,Binance,SOL,binance,82368763.65865192,1166606.0209329862,1139839.6189445497,2306445.639877536,23,19,7,July,2024
23:03:44,2024-07-19,Binance,USDT,binance,14087771406.815144,199528051.83317584,194950115.53976873,394478167.3729446,23,19,7,July,2024
23:03:48,2024-07-19,Binance,TONCOIN,binance,1922006326.7867017,27061373.165953204,26670078.414160047,53731451.580113254,23,19,7,July,2024
23:03:52,2024-07-19,Binance,USDC,binance,14090290614.536789,198387802.90291104,195519208.4077377,393907011.31064874,23,19,7,July,2024
23:03:56,2024-07-19,Binance,XRP,binance,24454125509.20339,344308031.9917431,339329499.4874095,683637531.4791526,23,19,7,July,2024
23:04:41,2024-07-19,Binance,BTC,binance,211228.51130642404,2990.645229938451,2936.257771162618,5926.903001101069,23,19,7,July,2024
23:04:46,2024-07-19,Binance,ETH,binance,4026534.326882625,57009.044865188735,55972.286293354104,112981.33115854285,23,19,7,July,2024
23:04:51,2024-07-19,Binance,BNB,binance,23834650.96361349,337459.1089560491,331322.12447084684,668781.2334268959,23,19,7,July,2024
23:04:55,2024-07-19,Binance,ADA,binance,32312456511.91101,457490768.34970504,449170904.77817214,906661673.1278772,23,19,7,July,2024
23:04:59,2024-07-19,Binance,DOGE,binance,112712270294.5975,1595818724.5995126,1566797386.9199364,3162616111.519449,23,19,7,July,2024
23:05:04,2024-07-19,Binance,SOL,binance,82262772.76914358,1165304.8428515934,1143477.2611226144,2308782.1039742082,23,19,7,July,2024
23:05:08,2024-07-19,Binance,USDT,binance,14067002659.657398,199268098.70252407,195535564.04681635,394803662.7493405,23,19,7,July,2024
23:05:12,2024-07-19,Binance,TONCOIN,binance,1919019233.9775212,27184136.05088407,26674944.009829517,53859080.0607136,23,19,7,July,2024
23:05:16,2024-07-19,Binance,USDC,binance,14071235701.728277,199328062.45355192,195594404.60361364,394922467.05716556,23,19,7,July,2024
23:05:20,2024-07-19,Binance,XRP,binance,24413240219.71978,345829177.64728945,339351375.1343524,685180552.7816418,23,19,7,July,2024
23:05:35,2024-07-19,Binance,BTC,binance,211163.08903238253,2990.442008715237,2935.4919847258893,5925.933993441126,23,19,7,July,2024
23:05:39,2024-07-19,Binance,ETH,binance,4025108.889178117,57002.64552393186,55955.20948274876,112957.85500668062,23,19,7,July,2024
23:05:43,2024-07-19,Binance,BNB,binance,23826823.96006764,337429.8776881512,331229.53010754305,668659.4077956942,23,19,7,July,2024
23:05:47,2024-07-19,Binance,ADA,binance,32300440095.59632,457431236.70182943,449025837.9825139,906457074.6843433,23,19,7,July,2024
23:05:51,2024-07-19,Binance,DOGE,binance,112677592485.54668,1595713566.9577265,1566391982.2124248,3162105549.170151,23,19,7,July,2024
23:05:55,2024-07-19,Binance,SOL,binance,82242443.78345823,1164698.1483195622,1143296.5658765694,2307994.7141961316,23,19,7,July,2024
23:06:00,2024-07-19,Binance,USDT,binance,14063719248.672821,199167084.70559815,195507346.0948625,394674430.80046064,23,19,7,July,2024
23:06:04,2024-07-19,Binance,TONCOIN,binance,1918482500.2632432,27169098.00884964,26669859.908594146,53838957.91744378,23,19,7,July,2024
23:06:08,2024-07-19,Binance,USDC,binance,14068135454.538244,199229625.97452736,195568738.15433773,394798364.1288651,23,19,7,July,2024
23:06:12,2024-07-19,Binance,XRP,binance,24387406540.47641,345368716.3625148,339022490.8901661,684391207.2526809,23,19,7,July,2024
23:06:25,2024-07-19,Binance,BTC,binance,211111.22709706269,2990.4837748419545,2935.2140479689547,5925.697822810909,23,19,7,July,2024
23:06:30,2024-07-19,Binance,ETH,binance,4024120.65021858,57003.4463726186,55949.91619187022,112953.36256448882,23,19,7,July,2024
23:06:33,2024-07-19,Binance,BNB,binance,23818754.439325,337403.17683339946,331167.33580107347,668570.5126344729,23,19,7,July,2024
23:06:38,2024-07-19,Binance,ADA,binance,32292136059.878494,457432369.9878634,448978165.2318338,906410535.2196972,23,19,7,July,2024
23:06:42,2024-07-19,Binance,DOGE,binance,112652298765.15175,1595769567.9583397,1566276765.1833224,3162046333.141662,23,19,7,July,2024
23:06:46,2024-07-19,Binance,SOL,binance,82222125.665219,1164712.7256846623,1143186.6586397071,2307899.3843243695,23,19,7,July,2024
23:06:50,2024-07-19,Binance,USDT,binance,14060425317.283054,199172134.78835887,195491061.651272,394663196.43963087,23,19,7,July,2024
23:06:55,2024-07-19,Binance,TONCOIN,binance,1917814876.9780023,27177902.277989898,26635037.65141406,53812939.92940395,23,19,7,July,2024
23:06:59,2024-07-19,Binance,USDC,binance,14063469947.584745,199297448.62923497,195316584.54631248,394614033.1755474,23,19,7,July,2024
23:07:03,2024-07-19,Binance,XRP,binance,24378146924.403923,345469681.55442536,338569102.2620272,684038783.8164525,23,19,7,July,2024
23:07:16,2024-07-19,Binance,BTC,binance,211028.47641097885,2990.5723127619003,2929.6985307877544,5920.270843549654,23,19,7,July,2024
23:07:20,2024-07-19,Binance,ETH,binance,4022616.342943249,57006.169331580066,55845.79574413552,112851.96507571559,23,19,7,July,2024
23:07:24,2024-07-19,Binance,BNB,binance,23810944.754607122,337434.8018565641,330566.2394509504,668001.0413075145,23,19,7,July,2024
23:07:28,2024-07-19,Binance,ADA,binance,32274723002.418507,457378523.76434505,448068479.52415943,905447003.2885045,23,19,7,July,2024
23:07:32,2024-07-19,Binance,DOGE,binance,112614557057.00223,1595907728.0770953,1563422662.0329642,3159330390.1100597,23,19,7,July,2024
23:07:36,2024-07-19,Binance,SOL,binance,82193853.52731657,1164803.285407276,1141093.448686034,2305896.73409331,23,19,7,July,2024
23:07:40,2024-07-19,Binance,USDT,binance,14055877151.895124,199191681.41164315,195137089.27435505,394328770.6859982,23,19,7,July,2024
23:07:44,2024-07-19,Binance,TONCOIN,binance,1917585660.8501039,27174903.985560894,26621752.612719607,53796656.5982805,23,19,7,July,2024
23:07:49,2024-07-19,Binance,USDC,binance,14059866507.803114,199248216.23351693,195192473.31702647,394440689.5505434,23,19,7,July,2024
23:07:53,2024-07-19,Binance,XRP,binance,24383853995.60042,345553737.0020906,338519911.81857914,684073648.8206697,23,19,7,July,2024
23:08:05,2024-07-19,Binance,BTC,binance,210980.0305358957,2991.53044589934,2930.5903332959006,5922.12077919524,23,19,7,July,2024
23:08:09,2024-07-19,Binance,ETH,binance,4021623.13498078,56963.41004816831,55844.10054726823,112807.51059543654,23,19,7,July,2024
23:08:13,2024-07-19,Binance,BNB,binance,23805429.454918634,337186.8506569437,330561.25634649507,667748.1070034388,23,19,7,July,2024
23:08:17,2024-07-19,Binance,ADA,binance,32258287527.983913,456915528.44049454,447937310.8151845,904852839.255679,23,19,7,July,2024
23:08:22,2024-07-19,Binance,DOGE,binance,112580302455.30212,1594619315.849652,1563285648.3420358,3157904964.191688,23,19,7,July,2024
23:08:26,2024-07-19,Binance,SOL,binance,82149069.20737036,1163582.7021263537,1140718.741340444,2304301.443466798,23,19,7,July,2024
23:08:30,2024-07-19,Binance,USDT,binance,14052454491.28828,199042948.70590958,195131829.91254205,394174778.61845165,23,19,7,July,2024
23:08:34,2024-07-19,Binance,TONCOIN,binance,1917137370.1062255,27154877.139563166,26621294.05609984,53776171.195663005,23,19,7,July,2024
23:08:38,2024-07-19,Binance,USDC,binance,14056501029.581875,199100265.02132678,195188019.98400107,394288285.0053279,23,19,7,July,2024
23:08:42,2024-07-19,Binance,XRP,binance,24369217724.10002,345172507.51235163,338389998.0596806,683562505.5720322,23,19,7,July,2024
23:08:55,2024-07-19,Binance,BTC,binance,210911.8936889578,2986.690972332951,2926.2295177569245,5912.920490089875,23,19,7,July,2024
23:08:59,2024-07-19,Binance,ETH,binance,4018990.0139256096,56912.30106818929,55760.18973905381,112672.49080724308,23,19,7,July,2024
23:09:03,2024-07-19,Binance,BNB,binance,23803855.201856572,337082.74196690274,330258.9650577454,667341.7070246481,23,19,7,July,2024
23:09:08,2024-07-19,Binance,ADA,binance,32255313779.30576,456762550.41591716,447516020.2426163,904278570.6585333,23,19,7,July,2024
23:09:12,2024-07-19,Binance,DOGE,binance,112568655786.9033,1594067466.4000778,1561797761.0292585,3155865227.429336,23,19,7,July,2024
23:09:16,2024-07-19,Binance,SOL,binance,82135680.79352054,1163110.7759821515,1139565.1966100743,2302675.9725922258,23,19,7,July,2024
23:09:20,2024-07-19,Binance,USDT,binance,14051979084.71398,198987920.22426352,194959683.2184043,393947603.4426678,23,19,7,July,2024
23:09:24,2024-07-19,Binance,TONCOIN,binance,1917195123.5846837,27149106.044515673,26599509.699565385,53748615.74408105,23,19,7,July,2024
23:09:28,2024-07-19,Binance,USDC,binance,14055706951.601015,199040709.97539055,195011404.31356075,394052114.2889513,23,19,7,July,2024
23:09:33,2024-07-19,Binance,XRP,binance,24356942856.721382,344914931.40297914,337932602.5812849,682847533.984264,23,19,7,July,2024
23:09:47,2024-07-19,Binance,BTC,binance,210850.02721671347,2986.4608729448846,2926.604147305501,5913.065020250386,23,19,7,July,2024
23:09:51,2024-07-19,Binance,ETH,binance,4017658.018532623,56905.74780381086,55765.203233328044,112670.9510371389,23,19,7,July,2024
23:09:55,2024-07-19,Binance,BNB,binance,23798037.125071887,337073.26323400775,330317.40648713044,667390.6697211382,23,19,7,July,2024
23:09:59,2024-07-19,Binance,ADA,binance,32237994963.99575,456616069.02811867,447464252.2358903,904080321.264009,23,19,7,July,2024
23:10:03,2024-07-19,Binance,DOGE,binance,112509331754.49,1593572083.2542806,1561632603.370898,3155204686.625179,23,19,7,July,2024
23:10:07,2024-07-19,Binance,SOL,binance,82110783.48467502,1163009.772210231,1139699.9215834371,2302709.6937936684,23,19,7,July,2024
23:10:12,2024-07-19,Binance,USDT,binance,14050095010.994661,199004285.488504,195015703.20856905,394019988.69707304,23,19,7,July,2024
23:10:16,2024-07-19,Binance,TONCOIN,binance,1916664414.1586633,27147462.84366118,26603354.51464897,53750817.358310156,23,19,7,July,2024
23:10:21,2024-07-19,Binance,USDC,binance,14053688684.881453,199055185.96309578,195065583.50045225,394120769.46354806,23,19,7,July,2024
23:10:26,2024-07-19,Binance,XRP,binance,24348884692.576534,344875418.77093196,337963185.797063,682838604.567995,23,19,7,July,2024
23:10:39,2024-07-19,Binance,BTC,binance,211074.07512093967,2984.7836386190957,2923.7523800217673,5908.536018640863,23,19,7,July,2024
23:10:43,2024-07-19,Binance,ETH,binance,4022163.2289544684,56877.1270974891,55714.1340392164,112591.2611367055,23,19,7,July,2024
23:10:47,2024-07-19,Binance,BNB,binance,23818447.10115745,336814.9838586993,329927.97130832047,666742.9551670199,23,19,7,July,2024
23:10:51,2024-07-19,Binance,ADA,binance,32261822860.12234,456212166.13052326,446883783.8899798,903095950.020503,23,19,7,July,2024
23:10:55,2024-07-19,Binance,DOGE,binance,112585361193.94556,1592061667.673619,1559508042.6518617,3151569710.325481,23,19,7,July,2024
23:10:59,2024-07-19,Binance,SOL,binance,82168218.29013956,1161934.9909569274,1138176.3660472892,2300111.357004217,23,19,7,July,2024
23:11:03,2024-07-19,Binance,USDT,binance,14068188626.34987,198923533.51444992,194868882.11470887,393792415.6291588,23,19,7,July,2024
23:11:07,2024-07-19,Binance,TONCOIN,binance,1918755123.110868,27131108.288046837,26578095.86034097,53709204.14838781,23,19,7,July,2024
23:11:12,2024-07-19,Binance,USDC,binance,14072701542.201958,198987345.934911,194931393.84884405,393918739.78375506,23,19,7,July,2024
23:11:16,2024-07-19,Binance,XRP,binance,24375781858.637432,344672422.8885807,337646976.99373484,682319399.8823155,23,19,7,July,2024
23:11:28,2024-07-19,Binance,BTC,binance,210926.27016682987,2976.8912217773413,2932.1121564760056,5909.003378253346,23,19,7,July,2024
23:11:33,2024-07-19,Binance,ETH,binance,4021876.9236058956,56762.44167917813,55908.60830292945,112671.04998210758,23,19,7,July,2024
23:11:37,2024-07-19,Binance,BNB,binance,23818832.829781346,336165.21217521006,331108.5396713879,667273.7518465979,23,19,7,July,2024
23:11:40,2024-07-19,Binance,ADA,binance,32254017097.27975,455214517.79337394,448367078.9386161,903581596.73199,23,19,7,July,2024
23:11:44,2024-07-19,Binance,DOGE,binance,112532643360.52808,1588220556.493004,1564330186.736845,3152550743.229849,23,19,7,July,2024
23:11:48,2024-07-19,Binance,SOL,binance,82146560.49131496,1159368.9806034095,1141929.4924182189,2301298.473021628,23,19,7,July,2024
23:11:53,2024-07-19,Binance,USDT,binance,14067040973.401299,198534069.54467598,195547675.55095348,394081745.09562945,23,19,7,July,2024
23:11:57,2024-07-19,Binance,TONCOIN,binance,1918420242.8848314,27085439.677228134,26680197.941305112,53765637.61853325,23,19,7,July,2024
23:12:02,2024-07-19,Binance,USDC,binance,14070486915.908766,198655808.60270017,195683598.23105046,394339406.83375067,23,19,7,July,2024
23:12:06,2024-07-19,Binance,XRP,binance,24368789174.03242,344053588.69014466,338905993.70210534,682959582.3922501,23,19,7,July,2024
23:12:18,2024-07-19,Binance,BTC,binance,210860.24408332145,2980.6097437721,2932.4436982244706,5913.05344199657,23,19,7,July,2024
23:12:22,2024-07-19,Binance,ETH,binance,4020479.1831220123,56831.38364912017,55913.00008042321,112744.38372954338,23,19,7,July,2024
23:12:27,2024-07-19,Binance,BNB,binance,23810892.000321604,336578.2725548754,331139.23631737585,667717.5088722511,23,19,7,July,2024
23:12:31,2024-07-19,Binance,ADA,binance,32240841240.32063,455739610.6889459,448374951.53080916,904114562.2197549,23,19,7,July,2024
23:12:35,2024-07-19,Binance,DOGE,binance,112487810292.64417,1590068648.8883884,1564373463.825586,3154442112.713974,23,19,7,July,2024
23:12:39,2024-07-19,Binance,SOL,binance,82105565.6000762,1160601.1835441273,1141846.1051290398,2302447.288673167,23,19,7,July,2024
23:12:44,2024-07-19,Binance,USDT,binance,14062831540.895262,198784806.01234147,195572484.090435,394357290.10277647,23,19,7,July,2024
23:12:48,2024-07-19,Binance,TONCOIN,binance,1918008287.5483072,27111958.51714521,26673834.797140986,53785793.31428619,23,19,7,July,2024
23:12:52,2024-07-19,Binance,USDC,binance,14067259603.122635,198847398.77599078,195634065.36778986,394481464.14378065,23,19,7,July,2024
23:12:56,2024-07-19,Binance,XRP,binance,24359997178.54264,344340135.1652336,338775668.8110252,683115803.9762588,23,19,7,July,2024
23:13:09,2024-07-19,Binance,BTC,binance,210843.52564962232,2979.449004756557,2936.8226344522013,5916.271639208758,23,19,7,July,2024
23:13:13,2024-07-19,Binance,ETH,binance,4019069.1173587604,56793.8306138063,55981.29284226462,112775.12345607091,23,19,7,July,2024
23:13:17,2024-07-19,Binance,BNB,binance,23795124.244758695,336251.0612107662,331440.3857377105,667691.4469484767,23,19,7,July,2024
23:13:21,2024-07-19,Binance,ADA,binance,32228000676.934933,455416803.74741656,448901248.2576693,904318052.0050858,23,19,7,July,2024
23:13:26,2024-07-19,Binance,DOGE,binance,112458524662.46277,1589161622.8177295,1566425811.028518,3155587433.846247,23,19,7,July,2024
23:13:31,2024-07-19,Binance,SOL,binance,82079653.71483418,1159875.0391691888,1143280.9431308026,2303155.9822999914,23,19,7,July,2024
23:13:35,2024-07-19,Binance,USDT,binance,14057105655.508535,198642236.35048902,195800302.31797382,394442538.6684629,23,19,7,July,2024
23:13:40,2024-07-19,Binance,TONCOIN,binance,1917336419.1445565,27094055.025891107,26706425.89690234,53800480.92279345,23,19,7,July,2024
23:13:44,2024-07-19,Binance,USDC,binance,14061478182.917078,198704024.93230823,195861206.9031329,394565231.8354411,23,19,7,July,2024
23:13:48,2024-07-19,Binance,XRP,binance,24334591963.406006,343874328.52461797,338954588.51817685,682828917.0427948,23,19,7,July,2024
23:14:01,2024-07-19,Binance,BTC,binance,210748.01051207332,2978.0049360963685,2938.108673682319,5916.1136097786875,23,19,7,July,2024
23:14:05,2024-07-19,Binance,ETH,binance,4017552.1911795973,56770.596444952964,56010.042093374606,112780.63853832758,23,19,7,July,2024
23:14:10,2024-07-19,Binance,BNB,binance,23786401.653831962,336117.15415469767,331614.20050896023,667731.354663658,23,19,7,July,2024
23:14:14,2024-07-19,Binance,ADA,binance,32214450301.37171,455210902.2429903,449112452.4420881,904323354.6850785,23,19,7,July,2024
23:14:18,2024-07-19,Binance,DOGE,binance,112421073686.8397,1588611675.5014586,1567500889.2486756,3156112564.750134,23,19,7,July,2024
23:14:23,2024-07-19,Binance,SOL,binance,82065407.5962209,1159658.597686957,1144248.0948186312,2303906.6925055883,23,19,7,July,2024
23:14:27,2024-07-19,Binance,USDT,binance,14050592625.361143,198547609.9840554,195909145.0778654,394456755.06192076,23,19,7,July,2024
23:14:31,2024-07-19,Binance,TONCOIN,binance,1916458526.0355878,27081296.15053524,26721417.482073486,53802713.63260872,23,19,7,July,2024
23:14:35,2024-07-19,Binance,USDC,binance,14054774374.65689,198606701.89215928,195967451.7238058,394574153.61596507,23,19,7,July,2024
23:14:40,2024-07-19,Binance,XRP,binance,24316055376.913933,343607903.812677,339041757.70912,682649661.521797,23,19,7,July,2024
23:14:52,2024-07-19,Binance,BTC,binance,210669.26419593833,2952.48731923054,2937.8125149806597,5890.2998342112,23,19,7,July,2024
23:14:56,2024-07-19,Binance,ETH,binance,4016373.917787977,56288.671756731324,56008.89909381907,112297.5708505504,23,19,7,July,2024
23:15:01,2024-07-19,Binance,BNB,binance,23784452.162051518,333334.30802696274,331677.53013389464,665011.8381608573,23,19,7,July,2024
23:15:05,2024-07-19,Binance,ADA,binance,32198594942.612473,451256824.90012115,449013934.46374243,900270759.3638636,23,19,7,July,2024
23:15:10,2024-07-19,Binance,DOGE,binance,112369012232.7986,1574829080.8251452,1567001677.6936898,3141830758.518835,23,19,7,July,2024
23:15:14,2024-07-19,Binance,SOL,binance,82043246.81092203,1149819.5845619652,1144104.6142668438,2293924.198828809,23,19,7,July,2024
23:15:18,2024-07-19,Binance,USDT,binance,14047040251.135834,196866440.73349893,195887951.69399726,392754392.4274962,23,19,7,July,2024
23:15:23,2024-07-19,Binance,TONCOIN,binance,1915998569.0963507,26852334.157579973,26718869.4870128,53571203.64459277,23,19,7,July,2024
23:15:28,2024-07-19,Binance,USDC,binance,14050910944.557482,197034198.8217074,195975512.23606282,393009711.0577702,23,19,7,July,2024
23:15:32,2024-07-19,Binance,XRP,binance,24300833960.60998,340767610.6567852,338936628.5207808,679704239.1775659,23,19,7,July,2024
23:15:45,2024-07-19,Binance,BTC,binance,210617.08068454606,2960.7886307103313,2924.7954632312494,5885.58409394158,23,19,7,July,2024
23:15:49,2024-07-19,Binance,ETH,binance,4015876.217019942,56453.92390326248,55767.63528514726,112221.55918840975,23,19,7,July,2024
23:15:54,2024-07-19,Binance,BNB,binance,23780857.101262238,334303.8043501406,330239.8017077156,664543.6060578562,23,19,7,July,2024
23:15:58,2024-07-19,Binance,ADA,binance,32187901932.557186,452487394.55786747,446986679.5100029,899474074.0678704,23,19,7,July,2024
23:16:02,2024-07-19,Binance,DOGE,binance,112326930375.74252,1579056633.4798317,1559860649.9238696,3138917283.4037013,23,19,7,July,2024
23:16:06,2024-07-19,Binance,SOL,binance,82004208.02114421,1152789.3463828827,1138775.3301231316,2291564.6765060145,23,19,7,July,2024
23:16:10,2024-07-19,Binance,USDT,binance,14044897560.64033,197438749.4208885,195038562.55815336,392477311.9790419,23,19,7,July,2024
23:16:14,2024-07-19,Binance,TONCOIN,binance,1915664995.7862153,26929815.57497085,26602440.175012574,53532255.74998342,23,19,7,July,2024
23:16:19,2024-07-19,Binance,USDC,binance,14049403220.394226,197502088.56759888,195101131.71524277,392603220.2828416,23,19,7,July,2024
23:16:24,2024-07-19,Binance,XRP,binance,24291217377.441673,341478288.4820401,337327068.398202,678805356.8802421,23,19,7,July,2024
23:16:36,2024-07-19,Binance,BTC,binance,210543.3849039733,2955.5202321685247,2923.7961309390907,5879.316363107616,23,19,7,July,2024
23:16:40,2024-07-19,Binance,ETH,binance,4014508.6222834936,56353.99782702907,55749.10265077908,112103.10047780816,23,19,7,July,2024
23:16:45,2024-07-19,Binance,BNB,binance,23779705.392503865,333809.587200314,330226.5262486627,664036.1134489767,23,19,7,July,2024
23:16:49,2024-07-19,Binance,ADA,binance,32180636219.346962,451738350.61934674,446889460.39410514,898627811.0134519,23,19,7,July,2024
23:16:53,2024-07-19,Binance,DOGE,binance,112299285797.29347,1576410540.6748059,1559489591.5210183,3135900132.195824,23,19,7,July,2024
23:16:58,2024-07-19,Binance,SOL,binance,81988877.25868686,1150925.66627705,1138571.8065581683,2289497.4728352185,23,19,7,July,2024
23:17:02,2024-07-19,Binance,USDT,binance,14044296274.834307,197147974.0661209,195031817.92603502,392179791.9921559,23,19,7,July,2024
23:17:06,2024-07-19,Binance,TONCOIN,binance,1915467072.0698035,26888527.930416465,26599910.592361864,53488438.52277833,23,19,7,July,2024
23:17:10,2024-07-19,Binance,USDC,binance,14048436331.378284,197184482.76339763,195114956.8781844,392299439.6415821,23,19,7,July,2024
23:17:15,2024-07-19,Binance,XRP,binance,24263864861.26743,340568696.02088994,336994298.4707832,677562994.4916731,23,19,7,July,2024
23:17:28,2024-07-19,Binance,BTC,binance,210479.09426632128,2955.51909537134,2935.927311602123,5891.446406973463,23,19,7,July,2024
23:17:32,2024-07-19,Binance,ETH,binance,4012995.469470565,56349.94193129576,55976.404883453695,112326.34681474946,23,19,7,July,2024
23:17:37,2024-07-19,Binance,BNB,binance,23773121.47222933,333818.9700629038,331606.1239033992,665425.093966303,23,19,7,July,2024
23:17:43,2024-07-19,Binance,ADA,binance,32166094624.133793,451671968.7365196,448677889.097528,900349857.8340476,23,19,7,July,2024
23:17:47,2024-07-19,Binance,DOGE,binance,112250970973.40778,1576213016.985438,1565764488.7890322,3141977505.7744703,23,19,7,July,2024
23:17:52,2024-07-19,Binance,SOL,binance,81983635.09283642,1151203.1628102886,1143571.9742737166,2294775.1370840054,23,19,7,July,2024
23:18:03,2024-07-19,Binance,USDT,binance,14040121153.749607,197149490.384679,195842609.91421378,392992100.29889274,23,19,7,July,2024
23:18:07,2024-07-19,Binance,TONCOIN,binance,1914635453.6680706,26885053.186474137,26706835.37374601,53591888.56022015,23,19,7,July,2024
23:18:12,2024-07-19,Binance,USDC,binance,14044542383.238905,197211572.69373772,195904280.6870463,393115853.380784,23,19,7,July,2024
23:18:16,2024-07-19,Binance,XRP,binance,24247270509.5223,340476906.9884502,338219926.15872854,678696833.1471788,23,19,7,July,2024
23:18:29,2024-07-19,Binance,BTC,binance,210420.70498559033,2954.5088687145953,2895.0408620393223,5849.549730753918,23,19,7,July,2024
23:18:33,2024-07-19,Binance,ETH,binance,4012106.1166277793,56333.824680478094,55199.94408948842,111533.76876996651,23,19,7,July,2024
23:18:38,2024-07-19,Binance,BNB,binance,23766221.07987417,333700.57837762934,326983.8924226005,660684.4708002298,23,19,7,July,2024
23:18:42,2024-07-19,Binance,ADA,binance,32155411223.57569,451492868.26942754,442405272.9711383,893898141.2405659,23,19,7,July,2024
23:18:47,2024-07-19,Binance,DOGE,binance,112206203402.68378,1575501105.0158749,1543865411.4153214,3119366516.431196,23,19,7,July,2024
23:18:52,2024-07-19,Binance,SOL,binance,81962438.27633053,1150844.6784419548,1127735.9865387203,2278580.664980675,23,19,7,July,2024
23:18:57,2024-07-19,Binance,USDT,binance,14034518204.050922,197060396.55842036,193103469.89776725,390163866.4561876,23,19,7,July,2024
23:19:01,2024-07-19,Binance,TONCOIN,binance,1913888172.6006894,26873139.268314984,26333532.918772724,53206672.18708771,23,19,7,July,2024
23:19:06,2024-07-19,Binance,USDC,binance,14038903371.58187,197121969.23516348,193163806.20956627,390285775.44472975,23,19,7,July,2024
23:19:12,2024-07-19,Binance,XRP,binance,24223859119.88674,340130185.7987792,333300451.24132794,673430637.0401071,23,19,7,July,2024
23:19:25,2024-07-19,Binance,BTC,binance,210357.4110357337,2954.6161538870147,2894.2484297721744,5848.864583659189,23,19,7,July,2024
23:19:30,2024-07-19,Binance,ETH,binance,4010947.426590645,56336.54645513372,55185.497074484985,111522.0435296187,23,19,7,July,2024
23:19:34,2024-07-19,Binance,BNB,binance,23759396.837461334,333717.25463311747,326898.8558595405,660616.110492658,23,19,7,July,2024
