Time,Date,Name,Rank,Age,Exchanges,Markets,Pairs,All_Time_High,Circulating_Supply,Total_Supply,Max_Supply,Code,Rate,Volume,Cap,Delta_Hour_Change,Delta_Day_Change,Delta_Week_Change,Delta_Month_Change,Delta_Quarter_Change,Delta_Year_Change,Hour,Day,Month_Number,Month_Name,Year
15:46:48,2024-07-06,BNB,4,2537,130,3769,2837,719.9338032081794,148930232.0,148930232.0,200000000.0,BNB,528.6764233395994,932429722.0,78735902380.0,1.0015,1.0641,0.9229,0.7512,0.9062,2.2498,15,6,7,July,2024
15:48:43,2024-07-06,BNB,4,2537,130,3768,2837,719.9338032081794,148930232.0,148930232.0,200000000.0,BNB,528.7059907600766,932473355.0,78740305863.0,1.0015,1.0642,0.923,0.7513,0.9062,2.2499,15,6,7,July,2024
17:34:00,2024-07-06,BNB,4,2537,131,3747,2819,719.9338032081794,148930232.0,148930232.0,200000000.0,BNB,529.945449328365,938967151.0,78924898715.0,0.9978,1.0708,0.9253,0.7525,0.907,2.2507,17,6,7,July,2024
17:36:10,2024-07-06,BNB,4,2537,131,3748,2820,719.9338032081794,148930232.0,148930232.0,200000000.0,BNB,529.8580981052197,938402700.0,78911889477.0,0.9974,1.069,0.9252,0.7528,0.9063,2.2502,17,6,7,July,2024
18:09:04,2024-07-06,BNB,4,2537,131,3739,2811,719.9338032081794,148930232.0,148930232.0,200000000.0,BNB,529.8580488527515,935784197.0,78911882142.0,0.9987,1.0694,0.9256,0.751,0.9105,2.2543,18,6,7,July,2024
18:11:17,2024-07-06,BNB,4,2537,131,3740,2811,719.9338032081794,148930232.0,148930232.0,200000000.0,BNB,529.9234075721396,935545142.0,78921616031.0,0.9972,1.0705,0.9254,0.7493,0.9095,2.2559,18,6,7,July,2024
00:54:02,2024-07-07,BNB,4,2538,131,3702,2775,719.9338032081794,148930232.0,148930232.0,200000000.0,BNB,513.8189604665782,949892563.0,76523176988.0,0.9863,1.022,0.9004,0.7261,0.8803,2.194,0,7,7,July,2024
01:04:07,2024-07-07,BNB,4,2538,131,3701,2775,719.9338032081794,148930232.0,148930232.0,200000000.0,BNB,513.5323034968405,949753490.0,76480485099.0,0.9858,1.0212,0.8994,0.7246,0.88,2.1906,1,7,7,July,2024
01:05:20,2024-07-07,BNB,4,2538,131,3701,2775,719.9338032081794,148930232.0,148930232.0,200000000.0,BNB,513.4719493545742,948916069.0,76471496542.0,0.9857,1.0211,0.8993,0.7246,0.8799,2.1903,1,7,7,July,2024
01:05:40,2024-07-07,BNB,4,2538,131,3701,2775,719.9338032081794,148930232.0,148930232.0,200000000.0,BNB,513.4687303052347,948810985.0,76471017129.0,0.9857,1.0211,0.8993,0.7245,0.8799,2.1903,1,7,7,July,2024
01:06:02,2024-07-07,BNB,4,2538,131,3701,2775,719.9338032081794,148930232.0,148930232.0,200000000.0,BNB,513.4616953936751,948550137.0,76469969418.0,0.9861,1.0221,0.8993,0.7248,0.8792,2.1903,1,7,7,July,2024
01:06:26,2024-07-07,BNB,4,2538,131,3701,2775,719.9338032081794,148930232.0,148930232.0,200000000.0,BNB,513.2441653038302,948604726.0,76437572611.0,0.9857,1.0216,0.899,0.7245,0.8788,2.1893,1,7,7,July,2024
01:06:48,2024-07-07,BNB,4,2538,131,3701,2775,719.9338032081794,148930232.0,148930232.0,200000000.0,BNB,511.8889368705371,948240776.0,76235738126.0,0.9831,1.0189,0.8966,0.7226,0.8765,2.1836,1,7,7,July,2024
01:07:12,2024-07-07,BNB,4,2538,131,3701,2775,719.9338032081794,148930232.0,148930232.0,200000000.0,BNB,511.56047701396744,950957286.0,76186820523.0,0.9825,1.0183,0.896,0.7221,0.8759,2.1822,1,7,7,July,2024
01:07:33,2024-07-07,BNB,4,2538,131,3702,2776,719.9338032081794,148930232.0,148930232.0,200000000.0,BNB,511.2238325685157,951212684.0,76136683988.0,0.9818,1.0176,0.8954,0.7216,0.8753,2.1807,1,7,7,July,2024
01:07:56,2024-07-07,BNB,4,2538,131,3702,2776,719.9338032081794,148930232.0,148930232.0,200000000.0,BNB,511.2238325542644,951601242.0,76136683986.0,0.9818,1.0176,0.8954,0.7216,0.8753,2.1807,1,7,7,July,2024
01:08:17,2024-07-07,BNB,4,2538,131,3702,2776,719.9338032081794,148930232.0,148930232.0,200000000.0,BNB,510.6036902078503,950355282.0,76044326042.0,0.9806,1.0164,0.8943,0.7207,0.8743,2.1781,1,7,7,July,2024
01:08:41,2024-07-07,BNB,4,2538,131,3702,2776,719.9338032081794,148930232.0,148930232.0,200000000.0,BNB,510.61389783985135,952241165.0,76045846267.0,0.9806,1.0164,0.8943,0.7208,0.8743,2.1781,1,7,7,July,2024
01:09:03,2024-07-07,BNB,4,2538,131,3702,2776,719.9338032081794,148930232.0,148930232.0,200000000.0,BNB,510.6780842181858,952345222.0,76055405559.0,0.9808,1.0165,0.8945,0.7209,0.8744,2.1784,1,7,7,July,2024
01:09:28,2024-07-07,BNB,4,2538,131,3702,2776,719.9338032081794,148930232.0,148930232.0,200000000.0,BNB,510.678078354577,953130861.0,76055404686.0,0.9808,1.0165,0.8945,0.7209,0.8744,2.1784,1,7,7,July,2024
01:10:01,2024-07-07,BNB,4,2538,131,3702,2776,719.9338032081794,148930232.0,148930232.0,200000000.0,BNB,510.68155015231554,954002390.0,76055921742.0,0.9808,1.0165,0.8945,0.7209,0.8744,2.1784,1,7,7,July,2024
01:11:16,2024-07-07,BNB,4,2538,131,3702,2776,719.9338032081794,148930232.0,148930232.0,200000000.0,BNB,510.9077497658416,956635389.0,76089609703.0,0.9832,1.0165,0.8949,0.7215,0.874,2.1812,1,7,7,July,2024
01:11:41,2024-07-07,BNB,4,2538,131,3702,2776,719.9338032081794,148930232.0,148930232.0,200000000.0,BNB,510.721438568121,961841941.0,76061862333.0,0.9829,1.0162,0.8946,0.7212,0.8737,2.1804,1,7,7,July,2024
01:11:58,2024-07-07,BNB,4,2538,131,3703,2777,719.9338032081794,148930232.0,148930232.0,200000000.0,BNB,510.7102367177142,961716800.0,76060194039.0,0.9828,1.0161,0.8946,0.7212,0.8737,2.1803,1,7,7,July,2024
01:12:22,2024-07-07,BNB,4,2538,131,3703,2777,719.9338032081794,148930232.0,148930232.0,200000000.0,BNB,510.75653622078255,962276610.0,76067089434.0,0.9829,1.0162,0.8946,0.7213,0.8737,2.1805,1,7,7,July,2024
01:12:46,2024-07-07,BNB,4,2538,131,3703,2777,719.9338032081794,148930232.0,148930232.0,200000000.0,BNB,510.7584727173925,962747987.0,76067377837.0,0.9829,1.0162,0.8946,0.7213,0.8737,2.1805,1,7,7,July,2024
01:13:13,2024-07-07,BNB,4,2538,131,3703,2777,719.9338032081794,148930232.0,148930232.0,200000000.0,BNB,510.97795115947696,963496469.0,76100064813.0,0.9834,1.0167,0.895,0.7216,0.8741,2.1815,1,7,7,July,2024
01:13:56,2024-07-07,BNB,4,2538,131,3703,2777,719.9338032081794,148930232.0,148930232.0,200000000.0,BNB,510.9912640099439,963750329.0,76102047498.0,0.9834,1.0167,0.8951,0.7216,0.8741,2.1815,1,7,7,July,2024
01:14:19,2024-07-07,BNB,4,2538,131,3703,2777,719.9338032081794,148930232.0,148930232.0,200000000.0,BNB,511.2106648253716,964203118.0,76134722913.0,0.9838,1.0171,0.8954,0.7219,0.8745,2.1825,1,7,7,July,2024
01:14:40,2024-07-07,BNB,4,2538,131,3703,2777,719.9338032081794,148930232.0,148930232.0,200000000.0,BNB,511.21230913593297,964326597.0,76134967800.0,0.9838,1.0171,0.8954,0.7219,0.8745,2.1825,1,7,7,July,2024
01:15:02,2024-07-07,BNB,4,2538,131,3703,2777,719.9338032081794,148930232.0,148930232.0,200000000.0,BNB,511.1961799653509,964103454.0,76132565679.0,0.9838,1.0171,0.8954,0.7219,0.8745,2.1824,1,7,7,July,2024
01:16:35,2024-07-07,BNB,4,2538,131,3703,2777,719.9338032081794,148930232.0,148930232.0,200000000.0,BNB,512.035594111143,968660899.0,76257579823.0,0.9858,1.0189,0.897,0.7237,0.8739,2.1854,1,7,7,July,2024
01:16:56,2024-07-07,BNB,4,2538,131,3703,2777,719.9338032081794,148930232.0,148930232.0,200000000.0,BNB,512.0381963447425,968546186.0,76257967374.0,0.9858,1.0189,0.897,0.7237,0.8739,2.1854,1,7,7,July,2024
01:17:20,2024-07-07,BNB,4,2538,131,3703,2777,719.9338032081794,148930232.0,148930232.0,200000000.0,BNB,512.145565351984,969025365.0,76273957865.0,0.986,1.0191,0.8972,0.7238,0.8741,2.1858,1,7,7,July,2024
01:17:43,2024-07-07,BNB,4,2538,131,3703,2777,719.9338032081794,148930232.0,148930232.0,200000000.0,BNB,512.1629280134092,969033609.0,76276543690.0,0.9861,1.0192,0.8973,0.7239,0.8741,2.1859,1,7,7,July,2024
01:18:24,2024-07-07,BNB,4,2538,131,3703,2777,719.9338032081794,148930232.0,148930232.0,200000000.0,BNB,512.078121818515,969067135.0,76263913484.0,0.9859,1.019,0.8971,0.7238,0.874,2.1855,1,7,7,July,2024
01:20:01,2024-07-07,BNB,4,2538,131,3702,2776,719.9338032081794,148930232.0,148930232.0,200000000.0,BNB,512.2314470544969,969288506.0,76286748247.0,0.9862,1.0193,0.8974,0.724,0.8743,2.1862,1,7,7,July,2024
01:30:06,2024-07-07,BNB,4,2538,131,3702,2776,719.9338032081794,148930232.0,148930232.0,200000000.0,BNB,512.2314470544969,969288506.0,76286748247.0,0.9862,1.0193,0.8974,0.724,0.8743,2.1862,1,7,7,July,2024
01:30:38,2024-07-07,BNB,4,2538,131,3703,2777,719.9338032081794,148930232.0,148930232.0,200000000.0,BNB,513.7373521407953,975200275.0,76511023041.0,0.9884,1.0205,0.9005,0.7256,0.8763,2.1919,1,7,7,July,2024
01:30:59,2024-07-07,BNB,4,2538,131,3703,2777,719.9338032081794,148930232.0,148930232.0,200000000.0,BNB,513.7373521407953,975200275.0,76511023041.0,0.9884,1.0205,0.9005,0.7256,0.8763,2.1919,1,7,7,July,2024
01:31:21,2024-07-07,BNB,4,2538,131,3703,2777,719.9338032081794,148930232.0,148930232.0,200000000.0,BNB,513.7224914097918,975020217.0,76508809829.0,0.9886,1.0189,0.9005,0.7258,0.8781,2.1934,1,7,7,July,2024
01:31:55,2024-07-07,BNB,4,2538,131,3703,2777,719.9338032081794,148930232.0,148930232.0,200000000.0,BNB,513.5132078460506,975918708.0,76477641179.0,0.9882,1.0185,0.9001,0.7255,0.8777,2.1925,1,7,7,July,2024
01:32:37,2024-07-07,BNB,4,2538,131,3703,2777,719.9338032081794,148930232.0,148930232.0,200000000.0,BNB,513.5529715991581,976244289.0,76483563204.0,0.9883,1.0186,0.9002,0.7256,0.8778,2.1927,1,7,7,July,2024
01:44:39,2024-07-07,BNB,4,2538,131,3706,2780,719.9338032081794,148930232.0,148930232.0,200000000.0,BNB,513.7837978886778,981480623.0,76517940217.0,0.9949,1.0181,0.8995,0.7248,0.8774,2.1937,1,7,7,July,2024
01:44:47,2024-07-07,BNB,4,2538,131,3705,2779,719.9338032081794,148930232.0,148930232.0,200000000.0,BNB,513.8622641530521,981738239.0,76529626216.0,0.995,1.0183,0.8997,0.7249,0.8775,2.194,1,7,7,July,2024
01:44:56,2024-07-07,BNB,4,2538,131,3705,2779,719.9338032081794,148930232.0,148930232.0,200000000.0,BNB,513.8574611893912,981500080.0,76528910909.0,0.995,1.0183,0.8997,0.7249,0.8775,2.194,1,7,7,July,2024
01:46:34,2024-07-07,BNB,4,2538,131,3706,2780,719.9338032081794,148930232.0,148930232.0,200000000.0,BNB,513.6732858181427,982514759.0,76501481629.0,0.9985,1.019,0.8993,0.7233,0.8765,2.1924,1,7,7,July,2024
01:46:57,2024-07-07,BNB,4,2538,131,3706,2780,719.9338032081794,148930232.0,148930232.0,200000000.0,BNB,513.673285654349,982378697.0,76501481604.0,0.9985,1.019,0.8993,0.7233,0.8765,2.1924,1,7,7,July,2024
01:47:20,2024-07-07,BNB,4,2538,131,3706,2780,719.9338032081794,148930232.0,148930232.0,200000000.0,BNB,513.5831817369084,982299788.0,76488062407.0,0.9983,1.0188,0.8991,0.7231,0.8763,2.192,1,7,7,July,2024
01:47:40,2024-07-07,BNB,4,2538,131,3706,2780,719.9338032081794,148930232.0,148930232.0,200000000.0,BNB,513.5824482921196,982223401.0,76487953175.0,0.9983,1.0188,0.8991,0.7231,0.8763,2.192,1,7,7,July,2024
01:48:12,2024-07-07,BNB,4,2538,131,3706,2780,719.9338032081794,148930232.0,148930232.0,200000000.0,BNB,513.5885082928526,982100097.0,76488855692.0,0.9983,1.0188,0.8991,0.7231,0.8763,2.192,1,7,7,July,2024
01:49:51,2024-07-07,BNB,4,2538,131,3704,2778,719.9338032081794,148930232.0,148930232.0,200000000.0,BNB,513.5677940953735,981734999.0,76485770722.0,0.9983,1.0188,0.8991,0.7231,0.8763,2.1919,1,7,7,July,2024
01:50:15,2024-07-07,BNB,4,2538,131,3704,2778,719.9338032081794,148930232.0,148930232.0,200000000.0,BNB,513.4872888771141,981614673.0,76473781061.0,0.9981,1.0186,0.899,0.723,0.8762,2.1916,1,7,7,July,2024
01:50:36,2024-07-07,BNB,4,2538,131,3704,2778,719.9338032081794,148930232.0,148930232.0,200000000.0,BNB,513.4810262041716,981588498.0,76472848360.0,0.9981,1.0186,0.8989,0.723,0.8761,2.1916,1,7,7,July,2024
01:50:59,2024-07-07,BNB,4,2538,131,3704,2778,719.9338032081794,148930232.0,148930232.0,200000000.0,BNB,513.5983303463402,981577031.0,76490318493.0,0.9983,1.0189,0.8992,0.7231,0.8763,2.1921,1,7,7,July,2024
01:51:21,2024-07-07,BNB,4,2538,131,3704,2778,719.9338032081794,148930232.0,148930232.0,200000000.0,BNB,513.8410306563288,983880421.0,76526463906.0,0.9986,1.0196,0.8996,0.7239,0.8762,2.1947,1,7,7,July,2024
01:51:43,2024-07-07,BNB,4,2538,131,3704,2778,719.9338032081794,148930232.0,148930232.0,200000000.0,BNB,513.8524048824497,983752958.0,76528157872.0,0.9986,1.0196,0.8996,0.7239,0.8762,2.1947,1,7,7,July,2024
01:52:03,2024-07-07,BNB,4,2538,131,3704,2778,719.9338032081794,148930232.0,148930232.0,200000000.0,BNB,513.8745679564435,983695064.0,76531458624.0,0.9987,1.0197,0.8997,0.724,0.8763,2.1948,1,7,7,July,2024
01:52:31,2024-07-07,BNB,4,2538,131,3704,2778,719.9338032081794,148930232.0,148930232.0,200000000.0,BNB,513.8654517745808,983936695.0,76530100949.0,0.9987,1.0196,0.8996,0.7239,0.8762,2.1948,1,7,7,July,2024
01:53:05,2024-07-07,BNB,4,2538,131,3704,2778,719.9338032081794,148930232.0,148930232.0,200000000.0,BNB,513.804434606512,983553034.0,76521013648.0,0.9985,1.0195,0.8995,0.7239,0.8761,2.1945,1,7,7,July,2024
01:53:53,2024-07-07,BNB,4,2538,131,3704,2778,719.9338032081794,148930232.0,148930232.0,200000000.0,BNB,513.8044449839801,983842242.0,76521015194.0,0.9985,1.0195,0.8995,0.7239,0.8761,2.1945,1,7,7,July,2024
01:55:13,2024-07-07,BNB,4,2538,131,3704,2778,719.9338032081794,148930232.0,148930232.0,200000000.0,BNB,513.7488461861342,983402302.0,76512734852.0,0.9984,1.0194,0.8994,0.7238,0.876,2.1943,1,7,7,July,2024
01:55:47,2024-07-07,BNB,4,2538,131,3704,2778,719.9338032081794,148930232.0,148930232.0,200000000.0,BNB,513.7314117613704,983403594.0,76510138339.0,0.9999,1.0187,0.899,0.7235,0.8753,2.1935,1,7,7,July,2024
01:56:10,2024-07-07,BNB,4,2538,131,3704,2778,719.9338032081794,148930232.0,148930232.0,200000000.0,BNB,513.773445628022,983367811.0,76516398452.0,1.0,1.0188,0.8991,0.7235,0.8754,2.1937,1,7,7,July,2024
01:56:31,2024-07-07,BNB,4,2538,131,3704,2778,719.9338032081794,148930232.0,148930232.0,200000000.0,BNB,513.4031278206392,984344807.0,76461246935.0,0.9992,1.018,0.8984,0.723,0.8747,2.1921,1,7,7,July,2024
01:56:54,2024-07-07,BNB,4,2538,131,3704,2778,719.9338032081794,148930232.0,148930232.0,200000000.0,BNB,513.3918284741857,984137953.0,76459564121.0,0.9992,1.018,0.8984,0.723,0.8747,2.192,1,7,7,July,2024
01:57:18,2024-07-07,BNB,4,2538,131,3704,2778,719.9338032081794,148930232.0,148930232.0,200000000.0,BNB,513.2916691707601,984145914.0,76444647373.0,0.999,1.0178,0.8982,0.7228,0.8746,2.1916,1,7,7,July,2024
01:57:42,2024-07-07,BNB,4,2538,131,3704,2778,719.9338032081794,148930232.0,148930232.0,200000000.0,BNB,513.2819294532825,983993924.0,76443196834.0,0.999,1.0178,0.8982,0.7228,0.8745,2.1916,1,7,7,July,2024
01:58:04,2024-07-07,BNB,4,2538,131,3704,2778,719.9338032081794,148930232.0,148930232.0,200000000.0,BNB,513.3235170934169,983891697.0,76449390491.0,0.9991,1.0179,0.8983,0.7229,0.8746,2.1917,1,7,7,July,2024
01:58:25,2024-07-07,BNB,4,2538,131,3703,2777,719.9338032081794,148930232.0,148930232.0,200000000.0,BNB,513.3242976292922,984139061.0,76449506737.0,0.9991,1.0179,0.8983,0.7229,0.8746,2.1917,1,7,7,July,2024
01:58:46,2024-07-07,BNB,4,2538,131,3703,2777,719.9338032081794,148930232.0,148930232.0,200000000.0,BNB,513.3349335735763,984012265.0,76451090750.0,0.9991,1.0179,0.8983,0.7229,0.8746,2.1918,1,7,7,July,2024
01:59:07,2024-07-07,BNB,4,2538,131,3703,2777,719.9338032081794,148930232.0,148930232.0,200000000.0,BNB,513.3349336314129,983940333.0,76451090759.0,0.9991,1.0179,0.8983,0.7229,0.8746,2.1918,1,7,7,July,2024
01:59:27,2024-07-07,BNB,4,2538,131,3702,2776,719.9338032081794,148930232.0,148930232.0,200000000.0,BNB,513.3942301483859,984117480.0,76459921803.0,0.9992,1.018,0.8984,0.723,0.8747,2.192,1,7,7,July,2024
01:59:59,2024-07-07,BNB,4,2538,131,3706,2780,719.9338032081794,148930232.0,148930232.0,200000000.0,BNB,513.3931869371478,983912357.0,76459766437.0,0.9992,1.018,0.8984,0.723,0.8747,2.192,1,7,7,July,2024
02:00:24,2024-07-07,BNB,4,2538,131,3706,2780,719.9338032081794,148930232.0,148930232.0,200000000.0,BNB,513.4343888511927,983999463.0,76465902648.0,0.9993,1.0181,0.8985,0.723,0.8748,2.1922,2,7,7,July,2024
02:00:49,2024-07-07,BNB,4,2538,131,3707,2781,719.9338032081794,148930232.0,148930232.0,200000000.0,BNB,513.437264588933,981746941.0,76466330932.0,0.9996,1.0182,0.8979,0.7229,0.8752,2.1912,2,7,7,July,2024
02:01:12,2024-07-07,BNB,4,2538,131,3707,2781,719.9338032081794,148930232.0,148930232.0,200000000.0,BNB,513.4304860016998,981758739.0,76465321396.0,0.9996,1.0182,0.8979,0.7229,0.8752,2.1912,2,7,7,July,2024
11:27:49,2024-07-07,BNB,4,2538,128,3663,2740,719.9338032081794,148930232.0,148930232.0,200000000.0,BNB,501.5981227245139,1065258164.0,74703124788.0,1.0095,0.965,0.8671,0.7099,0.8546,2.1359,11,7,7,July,2024
11:28:08,2024-07-07,BNB,4,2538,128,3663,2740,719.9338032081794,148930232.0,148930232.0,200000000.0,BNB,501.5981225717969,1065158392.0,74703124765.0,1.0095,0.965,0.8671,0.7099,0.8546,2.1359,11,7,7,July,2024
11:28:34,2024-07-07,BNB,4,2538,128,3663,2740,719.9338032081794,148930232.0,148930232.0,200000000.0,BNB,501.7258013170693,1065346703.0,74722139990.0,1.0097,0.9652,0.8673,0.7101,0.8548,2.1364,11,7,7,July,2024
11:28:58,2024-07-07,BNB,4,2538,128,3661,2738,719.9338032081794,148930232.0,148930232.0,200000000.0,BNB,501.7243280008046,1065564650.0,74721920569.0,1.0097,0.9652,0.8673,0.7101,0.8548,2.1364,11,7,7,July,2024
11:30:31,2024-07-07,BNB,4,2538,128,3660,2738,719.9338032081794,148930232.0,148930232.0,200000000.0,BNB,501.90512310463305,1065842650.0,74748846425.0,1.0101,0.9656,0.8676,0.7104,0.8552,2.1372,11,7,7,July,2024
11:30:56,2024-07-07,BNB,4,2538,128,3660,2738,719.9338032081794,148930232.0,148930232.0,200000000.0,BNB,501.89512618407156,1065635177.0,74747357582.0,1.01,0.9656,0.8676,0.7104,0.8551,2.1371,11,7,7,July,2024
11:31:16,2024-07-07,BNB,4,2538,128,3661,2739,719.9338032081794,148930232.0,148930232.0,200000000.0,BNB,501.65334391819414,1064965038.0,74711348893.0,1.008,0.9648,0.8678,0.7112,0.8559,2.1391,11,7,7,July,2024
11:31:39,2024-07-07,BNB,4,2538,128,3661,2739,719.9338032081794,148930232.0,148930232.0,200000000.0,BNB,501.77611920825404,1066502935.0,74729633845.0,1.0082,0.9651,0.868,0.7114,0.8561,2.1396,11,7,7,July,2024
11:32:01,2024-07-07,BNB,4,2538,128,3662,2740,719.9338032081794,148930232.0,148930232.0,200000000.0,BNB,501.77424991480046,1066211816.0,74729355451.0,1.0082,0.9651,0.868,0.7114,0.8561,2.1396,11,7,7,July,2024
11:32:24,2024-07-07,BNB,4,2538,128,3661,2739,719.9338032081794,148930232.0,148930232.0,200000000.0,BNB,501.7762660686216,1065703329.0,74729655717.0,1.0082,0.9651,0.868,0.7114,0.8561,2.1396,11,7,7,July,2024
11:32:47,2024-07-07,BNB,4,2538,128,3661,2739,719.9338032081794,148930232.0,148930232.0,200000000.0,BNB,501.76652729035465,1065366897.0,74728205319.0,1.0082,0.965,0.868,0.7114,0.8561,2.1396,11,7,7,July,2024
11:33:07,2024-07-07,BNB,4,2538,128,3661,2739,719.9338032081794,148930232.0,148930232.0,200000000.0,BNB,501.7665269869632,1065124297.0,74728205274.0,1.0082,0.965,0.868,0.7114,0.8561,2.1396,11,7,7,July,2024
11:33:32,2024-07-07,BNB,4,2538,128,3661,2739,719.9338032081794,148930232.0,148930232.0,200000000.0,BNB,501.60013552636696,1064334195.0,74703424555.0,1.0079,0.9647,0.8677,0.7111,0.8558,2.1388,11,7,7,July,2024
11:33:51,2024-07-07,BNB,4,2538,128,3661,2739,719.9338032081794,148930232.0,148930232.0,200000000.0,BNB,501.6001352261566,1064266089.0,74703424510.0,1.0079,0.9647,0.8677,0.7111,0.8558,2.1388,11,7,7,July,2024
11:34:12,2024-07-07,BNB,4,2538,128,3661,2739,719.9338032081794,148930232.0,148930232.0,200000000.0,BNB,501.58884490350846,1064017479.0,74701743040.0,1.0079,0.9647,0.8677,0.7111,0.8558,2.1388,11,7,7,July,2024
11:34:38,2024-07-07,BNB,4,2538,128,3661,2739,719.9338032081794,148930232.0,148930232.0,200000000.0,BNB,501.5319422082283,1063632815.0,74693268508.0,1.0077,0.9646,0.8676,0.711,0.8557,2.1386,11,7,7,July,2024
11:34:59,2024-07-07,BNB,4,2538,128,3661,2739,719.9338032081794,148930232.0,148930232.0,200000000.0,BNB,501.5122552551211,1063411194.0,74690336525.0,1.0077,0.9645,0.8676,0.711,0.8557,2.1385,11,7,7,July,2024
11:35:21,2024-07-07,BNB,4,2538,128,3661,2739,719.9338032081794,148930232.0,148930232.0,200000000.0,BNB,501.59720832298444,1063290229.0,74702988606.0,1.0041,0.9617,0.8674,0.7116,0.8551,2.1342,11,7,7,July,2024
11:35:42,2024-07-07,BNB,4,2538,128,3661,2739,719.9338032081794,148930232.0,148930232.0,200000000.0,BNB,501.4880566666466,1062832370.0,74686732624.0,1.0038,0.9615,0.8672,0.7114,0.8549,2.1337,11,7,7,July,2024
11:36:04,2024-07-07,BNB,4,2538,128,3661,2739,719.9338032081794,148930232.0,148930232.0,200000000.0,BNB,501.4745597955452,1061632996.0,74684722532.0,1.0038,0.9615,0.8672,0.7114,0.8549,2.1337,11,7,7,July,2024
11:36:24,2024-07-07,BNB,4,2538,128,3660,2738,719.9338032081794,148930232.0,148930232.0,200000000.0,BNB,501.38701618998874,1061265478.0,74671684642.0,1.0036,0.9613,0.867,0.7113,0.8548,2.1333,11,7,7,July,2024
11:36:47,2024-07-07,BNB,4,2538,128,3661,2739,719.9338032081794,148930232.0,148930232.0,200000000.0,BNB,500.76361302290354,1059288680.0,74578841064.0,1.0024,0.9601,0.866,0.7104,0.8537,2.1307,11,7,7,July,2024
11:37:10,2024-07-07,BNB,4,2538,128,3661,2739,719.9338032081794,148930232.0,148930232.0,200000000.0,BNB,500.75312139418776,1059068363.0,74577278543.0,1.0024,0.9601,0.8659,0.7104,0.8537,2.1306,11,7,7,July,2024
11:37:35,2024-07-07,BNB,4,2538,128,3661,2739,719.9338032081794,148930232.0,148930232.0,200000000.0,BNB,500.6363895369752,1058578040.0,74559893641.0,1.0021,0.9599,0.8657,0.7102,0.8535,2.1301,11,7,7,July,2024
11:37:58,2024-07-07,BNB,4,2538,128,3661,2739,719.9338032081794,148930232.0,148930232.0,200000000.0,BNB,500.6372830475364,1058233808.0,74560026712.0,1.0021,0.9599,0.8657,0.7102,0.8535,2.1301,11,7,7,July,2024
11:38:25,2024-07-07,BNB,4,2538,128,3661,2739,719.9338032081794,148930232.0,148930232.0,200000000.0,BNB,500.6636127934531,1058182964.0,74563948007.0,1.0022,0.9599,0.8658,0.7103,0.8535,2.1302,11,7,7,July,2024
11:39:13,2024-07-07,BNB,4,2538,128,3661,2739,719.9338032081794,148930232.0,148930232.0,200000000.0,BNB,500.65945855346837,1058042034.0,74563329315.0,1.0022,0.9599,0.8658,0.7103,0.8535,2.1302,11,7,7,July,2024
11:40:23,2024-07-07,BNB,4,2538,128,3662,2740,719.9338032081794,148930232.0,148930232.0,200000000.0,BNB,500.7843028496101,1057952575.0,74581922405.0,1.0024,0.9602,0.866,0.7104,0.8537,2.1307,11,7,7,July,2024
11:40:47,2024-07-07,BNB,4,2538,128,3662,2740,719.9338032081794,148930232.0,148930232.0,200000000.0,BNB,500.82358802688464,1057973834.0,74587773155.0,1.0028,0.9594,0.8654,0.7115,0.8532,2.1308,11,7,7,July,2024
11:41:09,2024-07-07,BNB,4,2538,128,3662,2740,719.9338032081794,148930232.0,148930232.0,200000000.0,BNB,500.8148060339723,1057831387.0,74586465251.0,1.0027,0.9594,0.8654,0.7115,0.8532,2.1308,11,7,7,July,2024
11:41:30,2024-07-07,BNB,4,2538,128,3662,2740,719.9338032081794,148930232.0,148930232.0,200000000.0,BNB,500.75339087002243,1057492121.0,74577318677.0,1.0026,0.9593,0.8653,0.7114,0.8531,2.1305,11,7,7,July,2024
11:41:50,2024-07-07,BNB,4,2538,128,3662,2740,719.9338032081794,148930232.0,148930232.0,200000000.0,BNB,501.02944859812044,1058247065.0,74618432018.0,1.0032,0.9598,0.8658,0.7118,0.8535,2.1317,11,7,7,July,2024
11:42:14,2024-07-07,BNB,4,2538,128,3662,2740,719.9338032081794,148930232.0,148930232.0,200000000.0,BNB,501.09909789718,1058201785.0,74628804904.0,1.0033,0.9599,0.8659,0.7119,0.8537,2.132,11,7,7,July,2024
11:42:38,2024-07-07,BNB,4,2538,128,3662,2740,719.9338032081794,148930232.0,148930232.0,200000000.0,BNB,501.14446049486816,1058063781.0,74635560767.0,1.0034,0.96,0.866,0.712,0.8537,2.1322,11,7,7,July,2024
11:43:23,2024-07-07,BNB,4,2538,128,3661,2740,719.9338032081794,148930232.0,148930232.0,200000000.0,BNB,501.1377095025804,1057621471.0,74634555340.0,1.0034,0.96,0.866,0.712,0.8537,2.1322,11,7,7,July,2024
11:44:29,2024-07-07,BNB,4,2538,128,3662,2741,719.9338032081794,148930232.0,148930232.0,200000000.0,BNB,501.32320855205546,1057516707.0,74662181756.0,1.0038,0.9604,0.8663,0.7123,0.854,2.1329,11,7,7,July,2024
11:44:51,2024-07-07,BNB,4,2538,128,3662,2741,719.9338032081794,148930232.0,148930232.0,200000000.0,BNB,501.358620496787,1057464984.0,74667455665.0,1.0038,0.9604,0.8663,0.7123,0.8541,2.1331,11,7,7,July,2024
11:45:13,2024-07-07,BNB,4,2538,128,3662,2741,719.9338032081794,148930232.0,148930232.0,200000000.0,BNB,501.35862052773524,1057302462.0,74667455670.0,1.0038,0.9604,0.8663,0.7123,0.8541,2.1331,11,7,7,July,2024
11:45:34,2024-07-07,BNB,4,2538,128,3661,2740,719.9338032081794,148930232.0,148930232.0,200000000.0,BNB,501.23253572399574,1056613880.0,74648677831.0,1.0036,0.9602,0.8661,0.7121,0.8539,2.1326,11,7,7,July,2024
11:45:56,2024-07-07,BNB,4,2538,128,3661,2740,719.9338032081794,148930232.0,148930232.0,200000000.0,BNB,501.23068873881056,1056277793.0,74648402759.0,1.0036,0.9602,0.8661,0.7121,0.8539,2.1326,11,7,7,July,2024
11:46:19,2024-07-07,BNB,4,2538,128,3660,2739,719.9338032081794,148930232.0,148930232.0,200000000.0,BNB,501.03182822251017,1055573171.0,74618786416.0,1.006,0.9595,0.8652,0.7131,0.8542,2.1335,11,7,7,July,2024
11:46:39,2024-07-07,BNB,4,2538,128,3660,2739,719.9338032081794,148930232.0,148930232.0,200000000.0,BNB,500.6386598384217,1053781749.0,74560231757.0,1.0053,0.9588,0.8645,0.7125,0.8536,2.1318,11,7,7,July,2024
11:47:01,2024-07-07,BNB,4,2538,128,3661,2739,719.9338032081794,148930232.0,148930232.0,200000000.0,BNB,500.48464346051065,1053528061.0,74537294063.0,1.005,0.9585,0.8642,0.7123,0.8533,2.1312,11,7,7,July,2024
11:47:24,2024-07-07,BNB,4,2538,128,3661,2739,719.9338032081794,148930232.0,148930232.0,200000000.0,BNB,500.48665808762047,1053409715.0,74537594101.0,1.005,0.9585,0.8642,0.7123,0.8533,2.1312,11,7,7,July,2024
11:47:46,2024-07-07,BNB,4,2538,128,3661,2739,719.9338032081794,148930232.0,148930232.0,200000000.0,BNB,500.4866578963546,1053756039.0,74537594073.0,1.005,0.9585,0.8642,0.7123,0.8533,2.1312,11,7,7,July,2024
11:48:23,2024-07-07,BNB,4,2538,128,3661,2739,719.9338032081794,148930232.0,148930232.0,200000000.0,BNB,500.4246097156832,1053511404.0,74528353223.0,1.0048,0.9583,0.8641,0.7122,0.8532,2.1309,11,7,7,July,2024
11:48:48,2024-07-07,BNB,4,2538,128,3661,2739,719.9338032081794,148930232.0,148930232.0,200000000.0,BNB,500.39650966108525,1053706346.0,74524168275.0,1.0048,0.9583,0.8641,0.7122,0.8532,2.1308,11,7,7,July,2024
11:49:08,2024-07-07,BNB,4,2538,128,3661,2739,719.9338032081794,148930232.0,148930232.0,200000000.0,BNB,500.40363619268544,1053570994.0,74525229631.0,1.0048,0.9583,0.8641,0.7122,0.8532,2.1308,11,7,7,July,2024
11:49:43,2024-07-07,BNB,4,2538,128,3661,2739,719.9338032081794,148930232.0,148930232.0,200000000.0,BNB,500.5113388913273,1053437602.0,74541269819.0,1.005,0.9585,0.8643,0.7123,0.8534,2.1313,11,7,7,July,2024
11:50:20,2024-07-07,BNB,4,2538,128,3661,2739,719.9338032081794,148930232.0,148930232.0,200000000.0,BNB,500.3030316370394,1052705615.0,74510246572.0,1.0046,0.9581,0.8639,0.712,0.853,2.1304,11,7,7,July,2024
11:51:41,2024-07-07,BNB,4,2538,128,3662,2740,719.9338032081794,148930232.0,148930232.0,200000000.0,BNB,499.26387862102666,1052241964.0,74355485272.0,1.0033,0.9548,0.8624,0.709,0.8505,2.1248,11,7,7,July,2024
11:52:04,2024-07-07,BNB,4,2538,128,3662,2740,719.9338032081794,148930232.0,148930232.0,200000000.0,BNB,499.2540322491662,1052220734.0,74354018849.0,1.0033,0.9548,0.8624,0.709,0.8505,2.1248,11,7,7,July,2024
11:52:38,2024-07-07,BNB,4,2538,128,3661,2739,719.9338032081794,148930232.0,148930232.0,200000000.0,BNB,499.1364610217958,1051753252.0,74336508939.0,1.003,0.9546,0.8622,0.7088,0.8503,2.1243,11,7,7,July,2024
11:53:18,2024-07-07,BNB,4,2538,128,3661,2739,719.9338032081794,148930232.0,148930232.0,200000000.0,BNB,499.1469471599673,1051648513.0,74338070642.0,1.0031,0.9546,0.8622,0.7089,0.8503,2.1243,11,7,7,July,2024
11:54:26,2024-07-07,BNB,4,2538,128,3661,2739,719.9338032081794,148930232.0,148930232.0,200000000.0,BNB,499.18175219851895,1050754656.0,74343254165.0,1.0031,0.9546,0.8623,0.7089,0.8504,2.1245,11,7,7,July,2024
11:54:48,2024-07-07,BNB,4,2538,128,3661,2739,719.9338032081794,148930232.0,148930232.0,200000000.0,BNB,499.0873981840127,1050282278.0,74329201999.0,1.0029,0.9545,0.8621,0.7088,0.8502,2.1241,11,7,7,July,2024
11:55:12,2024-07-07,BNB,4,2538,128,3661,2739,719.9338032081794,148930232.0,148930232.0,200000000.0,BNB,499.1456074753392,1050137017.0,74337871123.0,1.0031,0.9546,0.8622,0.7089,0.8503,2.1243,11,7,7,July,2024
11:55:36,2024-07-07,BNB,4,2538,128,3661,2739,719.9338032081794,148930232.0,148930232.0,200000000.0,BNB,499.1457801688012,1049745621.0,74337896842.0,1.0044,0.955,0.8625,0.7085,0.8501,2.1232,11,7,7,July,2024
11:55:59,2024-07-07,BNB,4,2538,128,3660,2738,719.9338032081794,148930232.0,148930232.0,200000000.0,BNB,499.1602042651036,1049987802.0,74340045026.0,1.0044,0.955,0.8625,0.7085,0.8501,2.1233,11,7,7,July,2024
11:56:21,2024-07-07,BNB,4,2538,128,3660,2738,719.9338032081794,148930232.0,148930232.0,200000000.0,BNB,499.3121856343573,1050083978.0,74362679646.0,1.0047,0.9553,0.8628,0.7087,0.8504,2.1239,11,7,7,July,2024
11:56:43,2024-07-07,BNB,4,2538,128,3659,2737,719.9338032081794,148930232.0,148930232.0,200000000.0,BNB,499.3121856343573,1050083978.0,74362679646.0,1.0047,0.9553,0.8628,0.7087,0.8504,2.1239,11,7,7,July,2024
11:57:02,2024-07-07,BNB,4,2538,128,3659,2737,719.9338032081794,148930232.0,148930232.0,200000000.0,BNB,500.0806662445257,1052340676.0,74477129642.0,1.0063,0.9568,0.8641,0.7098,0.8517,2.1272,11,7,7,July,2024
11:57:31,2024-07-07,BNB,4,2538,128,3658,2736,719.9338032081794,148930232.0,148930232.0,200000000.0,BNB,499.7874944993755,1051527766.0,74433467506.0,1.0057,0.9562,0.8636,0.7094,0.8512,2.1259,11,7,7,July,2024
11:57:57,2024-07-07,BNB,4,2538,128,3658,2736,719.9338032081794,148930232.0,148930232.0,200000000.0,BNB,499.81096849394623,1051457791.0,74436963493.0,1.0057,0.9562,0.8636,0.7094,0.8512,2.126,11,7,7,July,2024
11:58:24,2024-07-07,BNB,4,2538,128,3658,2736,719.9338032081794,148930232.0,148930232.0,200000000.0,BNB,500.22410919859834,1052123928.0,74498492634.0,1.0066,0.957,0.8644,0.71,0.8519,2.1278,11,7,7,July,2024
11:58:48,2024-07-07,BNB,4,2538,128,3658,2736,719.9338032081794,148930232.0,148930232.0,200000000.0,BNB,500.3337933081921,1052363760.0,74514827914.0,1.0068,0.9572,0.8645,0.7101,0.8521,2.1283,11,7,7,July,2024
11:59:12,2024-07-07,BNB,4,2538,128,3658,2736,719.9338032081794,148930232.0,148930232.0,200000000.0,BNB,500.1050179897016,1051700582.0,74480756353.0,1.0063,0.9568,0.8642,0.7098,0.8517,2.1273,11,7,7,July,2024
12:00:53,2024-07-07,BNB,4,2538,128,3659,2737,719.9338032081794,148930232.0,148930232.0,200000000.0,BNB,500.2020540125033,1044922165.0,74495207950.0,1.0059,0.96,0.8645,0.7088,0.8518,2.1279,12,7,7,July,2024
12:01:22,2024-07-07,BNB,4,2538,128,3659,2737,719.9338032081794,148930232.0,148930232.0,200000000.0,BNB,500.1822261997522,1044611788.0,74492254990.0,1.0059,0.9599,0.8645,0.7088,0.8517,2.1278,12,7,7,July,2024
12:01:58,2024-07-07,BNB,4,2538,128,3659,2737,719.9338032081794,148930232.0,148930232.0,200000000.0,BNB,500.18704997167345,1046965134.0,74492973395.0,1.0059,0.9599,0.8645,0.7088,0.8517,2.1278,12,7,7,July,2024
12:10:27,2024-07-07,BNB,4,2538,128,3658,2737,719.9338032081794,148930232.0,148930232.0,200000000.0,BNB,500.82560296283117,1048114932.0,74588073240.0,1.0019,0.959,0.8661,0.7109,0.8507,2.1316,12,7,7,July,2024
12:11:29,2024-07-07,BNB,4,2538,128,3658,2737,719.9338032081794,148930232.0,148930232.0,200000000.0,BNB,500.9433663607988,1048560916.0,74605611770.0,1.0022,0.9592,0.8663,0.711,0.8509,2.1321,12,7,7,July,2024
12:13:16,2024-07-07,BNB,4,2538,128,3656,2736,719.9338032081794,148930232.0,148930232.0,200000000.0,BNB,502.392844332227,1054302586.0,74821482861.0,1.0051,0.962,0.8688,0.7131,0.8534,2.1383,12,7,7,July,2024
12:13:42,2024-07-07,BNB,4,2538,128,3656,2736,719.9338032081794,148930232.0,148930232.0,200000000.0,BNB,502.3928443217454,1054228117.0,74821482859.0,1.0051,0.962,0.8688,0.7131,0.8534,2.1383,12,7,7,July,2024
12:14:04,2024-07-07,BNB,4,2538,128,3656,2736,719.9338032081794,148930232.0,148930232.0,200000000.0,BNB,502.3849732299346,1054325600.0,74820310616.0,1.005,0.962,0.8688,0.7131,0.8533,2.1383,12,7,7,July,2024
12:15:48,2024-07-07,BNB,4,2538,128,3655,2735,719.9338032081794,148930232.0,148930232.0,200000000.0,BNB,502.44822570657396,1054004301.0,74829730822.0,1.0047,0.9617,0.8688,0.7135,0.8538,2.1383,12,7,7,July,2024
12:18:16,2024-07-07,BNB,4,2538,128,3656,2736,719.9338032081794,148930232.0,148930232.0,200000000.0,BNB,501.8117647882348,1052696382.0,74734942550.0,1.0035,0.9605,0.8677,0.7126,0.8527,2.1356,12,7,7,July,2024
12:18:43,2024-07-07,BNB,4,2538,128,3656,2736,719.9338032081794,148930232.0,148930232.0,200000000.0,BNB,501.81176498336026,1052562944.0,74734942579.0,1.0035,0.9605,0.8677,0.7126,0.8527,2.1356,12,7,7,July,2024
12:31:49,2024-07-07,BNB,4,2538,128,3655,2736,719.9338032081794,148930232.0,148930232.0,200000000.0,BNB,502.93114262289816,1049639164.0,74901651750.0,1.0021,0.9575,0.87,0.7125,0.8529,2.1416,12,7,7,July,2024
12:49:26,2024-07-07,BNB,4,2538,128,3657,2738,719.9338032081794,148930232.0,148930232.0,200000000.0,BNB,504.2946250794096,1032233577.0,75104715509.0,1.0058,0.9533,0.8717,0.7154,0.8534,2.1461,12,7,7,July,2024
12:53:27,2024-07-07,BNB,4,2538,128,3656,2737,719.9338032081794,148930232.0,148930232.0,200000000.0,BNB,503.8902213147704,1027859782.0,75044487562.0,1.0068,0.9528,0.8712,0.7167,0.8532,2.1438,12,7,7,July,2024
12:54:51,2024-07-07,BNB,4,2538,128,3657,2738,719.9338032081794,148930232.0,148930232.0,200000000.0,BNB,503.9377830086425,1027952342.0,75051570937.0,1.0069,0.9529,0.8712,0.7168,0.8533,2.144,12,7,7,July,2024
12:56:18,2024-07-07,BNB,4,2538,128,3657,2738,719.9338032081794,148930232.0,148930232.0,200000000.0,BNB,503.8523470622008,1026917960.0,75038846941.0,1.0095,0.9529,0.8711,0.717,0.8538,2.1437,12,7,7,July,2024
12:56:40,2024-07-07,BNB,4,2538,128,3659,2740,719.9338032081794,148930232.0,148930232.0,200000000.0,BNB,503.8523470909515,1026622174.0,75038846945.0,1.0095,0.9529,0.8711,0.717,0.8538,2.1437,12,7,7,July,2024
12:57:04,2024-07-07,BNB,4,2538,128,3659,2740,719.9338032081794,148930232.0,148930232.0,200000000.0,BNB,503.7347665186025,1026494789.0,75021335644.0,1.0093,0.9527,0.8709,0.7169,0.8536,2.1432,12,7,7,July,2024
12:57:26,2024-07-07,BNB,4,2538,128,3659,2740,719.9338032081794,148930232.0,148930232.0,200000000.0,BNB,503.7359289545657,1026273683.0,75021508765.0,1.0093,0.9527,0.8709,0.7169,0.8536,2.1433,12,7,7,July,2024
12:57:49,2024-07-07,BNB,4,2538,128,3658,2739,719.9338032081794,148930232.0,148930232.0,200000000.0,BNB,503.7640426412494,1026132537.0,75025695743.0,1.0093,0.9528,0.871,0.7169,0.8536,2.1434,12,7,7,July,2024
12:58:10,2024-07-07,BNB,4,2538,128,3659,2740,719.9338032081794,148930232.0,148930232.0,200000000.0,BNB,503.761822410765,1026186263.0,75025365084.0,1.0093,0.9528,0.871,0.7169,0.8536,2.1434,12,7,7,July,2024
12:58:31,2024-07-07,BNB,4,2538,128,3659,2740,719.9338032081794,148930232.0,148930232.0,200000000.0,BNB,503.8302988455095,1025851081.0,75035563295.0,1.0095,0.9529,0.8711,0.717,0.8537,2.1437,12,7,7,July,2024
12:58:51,2024-07-07,BNB,4,2538,128,3659,2740,719.9338032081794,148930232.0,148930232.0,200000000.0,BNB,503.83029886760505,1025873603.0,75035563298.0,1.0095,0.9529,0.8711,0.717,0.8537,2.1437,12,7,7,July,2024
12:59:38,2024-07-07,BNB,4,2538,128,3657,2739,719.9338032081794,148930232.0,148930232.0,200000000.0,BNB,503.8604919102651,1024651482.0,75040059955.0,1.0095,0.953,0.8711,0.717,0.8538,2.1438,12,7,7,July,2024
12:59:58,2024-07-07,BNB,4,2538,128,3658,2740,719.9338032081794,148930232.0,148930232.0,200000000.0,BNB,503.88012879161533,1024429366.0,75042984481.0,1.0096,0.953,0.8712,0.7171,0.8538,2.1439,12,7,7,July,2024
13:00:23,2024-07-07,BNB,4,2538,128,3658,2740,719.9338032081794,148930232.0,148930232.0,200000000.0,BNB,503.9540538960116,1024347807.0,75053994164.0,1.0097,0.9531,0.8713,0.7172,0.8539,2.1442,13,7,7,July,2024
13:00:45,2024-07-07,BNB,4,2538,128,3658,2740,719.9338032081794,148930232.0,148930232.0,200000000.0,BNB,503.9507383770265,1023956405.0,75053500383.0,1.0074,0.9529,0.8713,0.7175,0.8541,2.1427,13,7,7,July,2024
13:01:08,2024-07-07,BNB,4,2538,128,3659,2741,719.9338032081794,148930232.0,148930232.0,200000000.0,BNB,503.94699607331256,1021699165.0,75052943040.0,1.0074,0.9529,0.8713,0.7174,0.8541,2.1427,13,7,7,July,2024
13:01:29,2024-07-07,BNB,4,2538,128,3659,2741,719.9338032081794,148930232.0,148930232.0,200000000.0,BNB,504.0779392143084,1021876237.0,75072444433.0,1.0076,0.9532,0.8715,0.7176,0.8543,2.1432,13,7,7,July,2024
13:01:52,2024-07-07,BNB,4,2538,128,3659,2741,719.9338032081794,148930232.0,148930232.0,200000000.0,BNB,504.1028202837172,1021667500.0,75076149976.0,1.0077,0.9532,0.8716,0.7177,0.8544,2.1433,13,7,7,July,2024
13:02:13,2024-07-07,BNB,4,2538,128,3659,2741,719.9338032081794,148930232.0,148930232.0,200000000.0,BNB,504.1028203140687,1021470799.0,75076149981.0,1.0077,0.9532,0.8716,0.7177,0.8544,2.1433,13,7,7,July,2024
13:02:37,2024-07-07,BNB,4,2538,128,3659,2741,719.9338032081794,148930232.0,148930232.0,200000000.0,BNB,504.0996616446664,1021317265.0,75075679559.0,1.0077,0.9532,0.8716,0.7177,0.8544,2.1433,13,7,7,July,2024
13:03:01,2024-07-07,BNB,4,2538,128,3659,2741,719.9338032081794,148930232.0,148930232.0,200000000.0,BNB,504.11161560661964,1021107923.0,75077459866.0,1.0077,0.9532,0.8716,0.7177,0.8544,2.1434,13,7,7,July,2024
13:03:24,2024-07-07,BNB,4,2538,128,3659,2741,719.9338032081794,148930232.0,148930232.0,200000000.0,BNB,504.1384091893173,1020992184.0,75081450240.0,1.0078,0.9533,0.8716,0.7177,0.8544,2.1435,13,7,7,July,2024
13:03:50,2024-07-07,BNB,4,2538,128,3659,2741,719.9338032081794,148930232.0,148930232.0,200000000.0,BNB,504.1383795103329,1020531271.0,75081445820.0,1.0078,0.9533,0.8716,0.7177,0.8544,2.1435,13,7,7,July,2024
13:04:10,2024-07-07,BNB,4,2538,128,3659,2741,719.9338032081794,148930232.0,148930232.0,200000000.0,BNB,504.12990548369555,1020447702.0,75080183781.0,1.0077,0.9533,0.8716,0.7177,0.8544,2.1434,13,7,7,July,2024
13:04:35,2024-07-07,BNB,4,2538,128,3659,2741,719.9338032081794,148930232.0,148930232.0,200000000.0,BNB,504.13566211723685,1020340728.0,75081041118.0,1.0078,0.9533,0.8716,0.7177,0.8544,2.1435,13,7,7,July,2024
13:04:59,2024-07-07,BNB,4,2538,128,3659,2741,719.9338032081794,148930232.0,148930232.0,200000000.0,BNB,504.1258723874758,1019988571.0,75079583131.0,1.0077,0.9532,0.8716,0.7177,0.8544,2.1434,13,7,7,July,2024
13:05:25,2024-07-07,BNB,4,2538,128,3659,2741,719.9338032081794,148930232.0,148930232.0,200000000.0,BNB,503.9739123351041,1019459579.0,75056951686.0,1.0074,0.953,0.8714,0.7175,0.8541,2.1428,13,7,7,July,2024
13:05:47,2024-07-07,BNB,4,2538,128,3659,2741,719.9338032081794,148930232.0,148930232.0,200000000.0,BNB,503.95383776761525,1019037430.0,75053961976.0,1.0074,0.9529,0.8713,0.7175,0.8541,2.1427,13,7,7,July,2024
13:06:10,2024-07-07,BNB,4,2538,128,3655,2738,719.9338032081794,148930232.0,148930232.0,200000000.0,BNB,503.9586200165909,1018931792.0,75054674197.0,1.0074,0.9537,0.8712,0.7181,0.8552,2.1427,13,7,7,July,2024
13:06:30,2024-07-07,BNB,4,2538,128,3656,2739,719.9338032081794,148930232.0,148930232.0,200000000.0,BNB,503.9407230342503,1020016056.0,75052008795.0,1.0073,0.9537,0.8711,0.7181,0.8552,2.1426,13,7,7,July,2024
13:06:51,2024-07-07,BNB,4,2538,128,3656,2739,719.9338032081794,148930232.0,148930232.0,200000000.0,BNB,503.94072291181544,1019995735.0,75052008777.0,1.0073,0.9537,0.8711,0.7181,0.8552,2.1426,13,7,7,July,2024
13:07:11,2024-07-07,BNB,4,2538,128,3656,2739,719.9338032081794,148930232.0,148930232.0,200000000.0,BNB,503.9637556603892,1020018922.0,75055439050.0,1.0074,0.9537,0.8712,0.7181,0.8552,2.1427,13,7,7,July,2024
13:07:41,2024-07-07,BNB,4,2538,128,3656,2739,719.9338032081794,148930232.0,148930232.0,200000000.0,BNB,503.96723653183636,1019609537.0,75055957457.0,1.0074,0.9537,0.8712,0.7181,0.8552,2.1428,13,7,7,July,2024
13:08:13,2024-07-07,BNB,4,2538,128,3655,2738,719.9338032081794,148930232.0,148930232.0,200000000.0,BNB,503.9788277207809,1019522893.0,75057683735.0,1.0074,0.9538,0.8712,0.7181,0.8553,2.1428,13,7,7,July,2024
13:08:43,2024-07-07,BNB,4,2538,128,3655,2738,719.9338032081794,148930232.0,148930232.0,200000000.0,BNB,503.97874915589364,1019288626.0,75057672034.0,1.0074,0.9538,0.8712,0.7181,0.8553,2.1428,13,7,7,July,2024
13:09:07,2024-07-07,BNB,4,2538,128,3655,2738,719.9338032081794,148930232.0,148930232.0,200000000.0,BNB,503.97191922316716,1019000715.0,75056654851.0,1.0074,0.9537,0.8712,0.7181,0.8552,2.1428,13,7,7,July,2024
13:10:01,2024-07-07,BNB,4,2538,128,3655,2738,719.9338032081794,148930232.0,148930232.0,200000000.0,BNB,503.96914151625094,1018639230.0,75056241166.0,1.0074,0.9537,0.8712,0.7181,0.8552,2.1428,13,7,7,July,2024
13:10:20,2024-07-07,BNB,4,2538,128,3655,2738,719.9338032081794,148930232.0,148930232.0,200000000.0,BNB,503.96914151625094,1018639230.0,75056241166.0,1.0074,0.9537,0.8712,0.7181,0.8552,2.1428,13,7,7,July,2024
13:10:45,2024-07-07,BNB,4,2538,128,3656,2739,719.9338032081794,148930232.0,148930232.0,200000000.0,BNB,503.79209096070474,1017693214.0,75029872986.0,1.007,0.9534,0.8709,0.7179,0.8549,2.142,13,7,7,July,2024
13:11:06,2024-07-07,BNB,4,2538,128,3656,2739,719.9338032081794,148930232.0,148930232.0,200000000.0,BNB,503.7933460109254,1017603720.0,75030059901.0,1.007,0.9534,0.8709,0.7179,0.8549,2.142,13,7,7,July,2024
13:11:31,2024-07-07,BNB,4,2538,128,3657,2740,719.9338032081794,148930232.0,148930232.0,200000000.0,BNB,503.3347437718879,1016988125.0,74961760163.0,1.0055,0.9538,0.8702,0.7165,0.8551,2.1456,13,7,7,July,2024
13:11:53,2024-07-07,BNB,4,2538,128,3659,2742,719.9338032081794,148930232.0,148930232.0,200000000.0,BNB,503.32303849776565,1017023355.0,74960016894.0,1.0055,0.9538,0.8701,0.7165,0.855,2.1455,13,7,7,July,2024
13:12:31,2024-07-07,BNB,4,2538,128,3659,2742,719.9338032081794,148930232.0,148930232.0,200000000.0,BNB,503.32330632852904,1016702240.0,74960056782.0,1.0055,0.9538,0.8701,0.7165,0.855,2.1455,13,7,7,July,2024
13:12:58,2024-07-07,BNB,4,2538,128,3660,2743,719.9338032081794,148930232.0,148930232.0,200000000.0,BNB,503.32147366772335,1016750711.0,74959783843.0,1.0055,0.9538,0.8701,0.7165,0.855,2.1455,13,7,7,July,2024
13:13:20,2024-07-07,BNB,4,2538,128,3660,2743,719.9338032081794,148930232.0,148930232.0,200000000.0,BNB,503.3025735095362,1016486142.0,74956969038.0,1.0054,0.9537,0.8701,0.7165,0.855,2.1454,13,7,7,July,2024
13:13:44,2024-07-07,BNB,4,2538,128,3661,2744,719.9338032081794,148930232.0,148930232.0,200000000.0,BNB,503.3025733037653,1016295960.0,74956969008.0,1.0054,0.9537,0.8701,0.7165,0.855,2.1454,13,7,7,July,2024
13:14:07,2024-07-07,BNB,4,2538,128,3661,2744,719.9338032081794,148930232.0,148930232.0,200000000.0,BNB,503.2847458781403,1016583329.0,74954313965.0,1.0054,0.9537,0.8701,0.7164,0.855,2.1453,13,7,7,July,2024
14:46:27,2024-07-07,BNB,4,2538,128,3671,2753,719.9338032081794,148930232.0,148930232.0,200000000.0,BNB,503.6001122993,1011913853.0,75001281559.0,1.004,0.954,0.8695,0.7365,0.8561,2.1474,14,7,7,July,2024
14:46:49,2024-07-07,BNB,4,2538,128,3671,2753,719.9338032081794,148930232.0,148930232.0,200000000.0,BNB,503.7550926171281,1012940972.0,75024362814.0,1.0043,0.9543,0.8698,0.7368,0.8563,2.1481,14,7,7,July,2024
14:47:29,2024-07-07,BNB,4,2538,128,3670,2752,719.9338032081794,148930232.0,148930232.0,200000000.0,BNB,503.75540399132865,1012684401.0,75024409187.0,1.0043,0.9543,0.8698,0.7368,0.8563,2.1481,14,7,7,July,2024
14:47:51,2024-07-07,BNB,4,2538,128,3670,2752,719.9338032081794,148930232.0,148930232.0,200000000.0,BNB,503.75540399504257,1012574183.0,75024409188.0,1.0043,0.9543,0.8698,0.7368,0.8563,2.1481,14,7,7,July,2024
14:48:14,2024-07-07,BNB,4,2538,128,3670,2752,719.9338032081794,148930232.0,148930232.0,200000000.0,BNB,503.7251375194061,1012912149.0,75019901594.0,1.0042,0.9542,0.8697,0.7367,0.8563,2.1479,14,7,7,July,2024
14:48:36,2024-07-07,BNB,4,2538,128,3670,2752,719.9338032081794,148930232.0,148930232.0,200000000.0,BNB,503.7251374869592,1012747359.0,75019901590.0,1.0042,0.9542,0.8697,0.7367,0.8563,2.1479,14,7,7,July,2024
14:49:00,2024-07-07,BNB,4,2538,128,3670,2752,719.9338032081794,148930232.0,148930232.0,200000000.0,BNB,503.73810063777404,1012566809.0,75021832195.0,1.0042,0.9542,0.8698,0.7367,0.8563,2.148,14,7,7,July,2024
14:49:22,2024-07-07,BNB,4,2538,128,3670,2752,719.9338032081794,148930232.0,148930232.0,200000000.0,BNB,503.6485636357282,1012252319.0,75008497428.0,1.004,0.9541,0.8696,0.7366,0.8561,2.1476,14,7,7,July,2024
14:49:45,2024-07-07,BNB,4,2538,128,3671,2753,719.9338032081794,148930232.0,148930232.0,200000000.0,BNB,503.6485635370803,1012138256.0,75008497414.0,1.004,0.9541,0.8696,0.7366,0.8561,2.1476,14,7,7,July,2024
14:50:08,2024-07-07,BNB,4,2538,128,3671,2753,719.9338032081794,148930232.0,148930232.0,200000000.0,BNB,503.6333127608675,1012033513.0,75006226112.0,1.004,0.954,0.8696,0.7366,0.8561,2.1475,14,7,7,July,2024
14:50:28,2024-07-07,BNB,4,2538,128,3671,2753,719.9338032081794,148930232.0,148930232.0,200000000.0,BNB,503.6382560357442,1011982241.0,75006962315.0,1.004,0.954,0.8696,0.7366,0.8561,2.1476,14,7,7,July,2024
14:50:53,2024-07-07,BNB,4,2538,128,3671,2753,719.9338032081794,148930232.0,148930232.0,200000000.0,BNB,503.6382559770233,1011720847.0,75006962306.0,1.0034,0.9542,0.8689,0.7349,0.8559,2.148,14,7,7,July,2024
14:51:13,2024-07-07,BNB,4,2538,128,3670,2752,719.9338032081794,148930232.0,148930232.0,200000000.0,BNB,503.5408747131795,1011476687.0,74992459292.0,1.0032,0.954,0.8687,0.7347,0.8558,2.1476,14,7,7,July,2024
14:51:35,2024-07-07,BNB,4,2538,128,3670,2752,719.9338032081794,148930232.0,148930232.0,200000000.0,BNB,503.1695446261617,1011572230.0,74937157016.0,1.0025,0.9533,0.8681,0.7342,0.8551,2.146,14,7,7,July,2024
14:51:58,2024-07-07,BNB,4,2538,128,3670,2752,719.9338032081794,148930232.0,148930232.0,200000000.0,BNB,503.1695446261617,1011572230.0,74937157016.0,1.0025,0.9533,0.8681,0.7342,0.8551,2.146,14,7,7,July,2024
14:52:20,2024-07-07,BNB,4,2538,128,3668,2750,719.9338032081794,148930232.0,148930232.0,200000000.0,BNB,503.2722427209144,1011594111.0,74952451867.0,1.0027,0.9535,0.8683,0.7343,0.8553,2.1465,14,7,7,July,2024
14:52:43,2024-07-07,BNB,4,2538,128,3668,2750,719.9338032081794,148930232.0,148930232.0,200000000.0,BNB,503.2435846838982,1011426506.0,74948183819.0,1.0026,0.9534,0.8682,0.7343,0.8553,2.1464,14,7,7,July,2024
14:53:36,2024-07-07,BNB,4,2538,128,3668,2750,719.9338032081794,148930232.0,148930232.0,200000000.0,BNB,503.2460522406215,1011333640.0,74948551313.0,1.0026,0.9534,0.8682,0.7343,0.8553,2.1464,14,7,7,July,2024
14:54:00,2024-07-07,BNB,4,2538,128,3668,2750,719.9338032081794,148930232.0,148930232.0,200000000.0,BNB,503.2522300159303,1011115637.0,74949471370.0,1.0026,0.9535,0.8682,0.7343,0.8553,2.1464,14,7,7,July,2024
14:54:27,2024-07-07,BNB,4,2538,128,3668,2750,719.9338032081794,148930232.0,148930232.0,200000000.0,BNB,503.26784074837224,1011017027.0,74951796280.0,1.0026,0.9535,0.8683,0.7343,0.8553,2.1465,14,7,7,July,2024
14:54:58,2024-07-07,BNB,4,2538,128,3668,2750,719.9338032081794,148930232.0,148930232.0,200000000.0,BNB,503.2934943598588,1010822247.0,74955616879.0,1.0027,0.9535,0.8683,0.7344,0.8553,2.1466,14,7,7,July,2024
14:55:21,2024-07-07,BNB,4,2538,128,3667,2749,719.9338032081794,148930232.0,148930232.0,200000000.0,BNB,503.29044923194425,1010830839.0,74955163367.0,1.0027,0.9535,0.8683,0.7344,0.8553,2.1466,14,7,7,July,2024
14:55:44,2024-07-07,BNB,4,2538,128,3667,2749,719.9338032081794,148930232.0,148930232.0,200000000.0,BNB,503.29044932660696,1010529129.0,74955163381.0,1.0027,0.9535,0.8683,0.7344,0.8553,2.1466,14,7,7,July,2024
14:56:08,2024-07-07,BNB,4,2538,128,3667,2749,719.9338032081794,148930232.0,148930232.0,200000000.0,BNB,503.29250988248367,1010374265.0,74955470260.0,1.0014,0.9534,0.8679,0.735,0.8557,2.1462,14,7,7,July,2024
14:56:30,2024-07-07,BNB,4,2538,128,3667,2749,719.9338032081794,148930232.0,148930232.0,200000000.0,BNB,503.7368320547651,1012049609.0,75021643264.0,1.0023,0.9542,0.8687,0.7356,0.8565,2.1481,14,7,7,July,2024
14:56:52,2024-07-07,BNB,4,2538,128,3667,2749,719.9338032081794,148930232.0,148930232.0,200000000.0,BNB,503.73683178526727,1011945583.0,75021643224.0,1.0023,0.9542,0.8687,0.7356,0.8565,2.1481,14,7,7,July,2024
14:57:18,2024-07-07,BNB,4,2538,128,3667,2749,719.9338032081794,148930232.0,148930232.0,200000000.0,BNB,503.7317549270068,1011885974.0,75020887127.0,1.0023,0.9542,0.8687,0.7356,0.8565,2.1481,14,7,7,July,2024
14:57:37,2024-07-07,BNB,4,2538,128,3667,2749,719.9338032081794,148930232.0,148930232.0,200000000.0,BNB,503.75991815149916,1011873988.0,75025081482.0,1.0023,0.9542,0.8687,0.7357,0.8565,2.1482,14,7,7,July,2024
14:58:00,2024-07-07,BNB,4,2538,128,3667,2749,719.9338032081794,148930232.0,148930232.0,200000000.0,BNB,503.7599995637796,1011751572.0,75025093607.0,1.0023,0.9542,0.8687,0.7357,0.8565,2.1482,14,7,7,July,2024
14:58:21,2024-07-07,BNB,4,2538,128,3667,2749,719.9338032081794,148930232.0,148930232.0,200000000.0,BNB,503.641085946238,1011452380.0,75007383774.0,1.0021,0.954,0.8685,0.7355,0.8563,2.1477,14,7,7,July,2024
14:58:45,2024-07-07,BNB,4,2538,128,3667,2749,719.9338032081794,148930232.0,148930232.0,200000000.0,BNB,503.6410857643697,1011363103.0,75007383747.0,1.0021,0.954,0.8685,0.7355,0.8563,2.1477,14,7,7,July,2024
14:59:10,2024-07-07,BNB,4,2538,128,3667,2749,719.9338032081794,148930232.0,148930232.0,200000000.0,BNB,503.6481993153899,1011251019.0,75008443170.0,1.0021,0.954,0.8685,0.7355,0.8563,2.1477,14,7,7,July,2024
14:59:31,2024-07-07,BNB,4,2538,128,3667,2749,719.9338032081794,148930232.0,148930232.0,200000000.0,BNB,503.630970316352,1011061774.0,75005877251.0,1.0021,0.954,0.8685,0.7355,0.8563,2.1477,14,7,7,July,2024
14:59:53,2024-07-07,BNB,4,2538,128,3667,2749,719.9338032081794,148930232.0,148930232.0,200000000.0,BNB,503.63689577765285,1011001886.0,75006759731.0,1.0021,0.954,0.8685,0.7355,0.8563,2.1477,14,7,7,July,2024
15:00:45,2024-07-07,BNB,4,2538,128,3667,2749,719.9338032081794,148930232.0,148930232.0,200000000.0,BNB,503.69354142812557,1010939440.0,75015195981.0,1.0022,0.9541,0.8686,0.7356,0.8564,2.1479,15,7,7,July,2024
15:01:56,2024-07-07,BNB,4,2538,128,3667,2749,719.9338032081794,148930232.0,148930232.0,200000000.0,BNB,503.4062095999389,1009691363.0,74972403585.0,0.9995,0.9534,0.868,0.7346,0.8561,2.1468,15,7,7,July,2024
15:02:35,2024-07-07,BNB,4,2538,128,3664,2746,719.9338032081794,148930232.0,148930232.0,200000000.0,BNB,503.3896656214408,1009897365.0,74969939687.0,0.9994,0.9533,0.8679,0.7346,0.8561,2.1468,15,7,7,July,2024
15:02:55,2024-07-07,BNB,4,2538,128,3664,2746,719.9338032081794,148930232.0,148930232.0,200000000.0,BNB,503.36017144601317,1009768439.0,74965547113.0,0.9994,0.9533,0.8679,0.7346,0.8561,2.1466,15,7,7,July,2024
15:03:20,2024-07-07,BNB,4,2538,128,3664,2746,719.9338032081794,148930232.0,148930232.0,200000000.0,BNB,503.32434176208005,1009462874.0,74960210989.0,0.9993,0.9532,0.8678,0.7345,0.856,2.1465,15,7,7,July,2024
15:03:39,2024-07-07,BNB,4,2538,128,3664,2746,719.9338032081794,148930232.0,148930232.0,200000000.0,BNB,503.2336378466666,1009259436.0,74946702434.0,0.9991,0.953,0.8677,0.7344,0.8558,2.1461,15,7,7,July,2024
15:04:01,2024-07-07,BNB,4,2538,128,3664,2746,719.9338032081794,148930232.0,148930232.0,200000000.0,BNB,503.245740149744,1009084288.0,74948504833.0,0.9991,0.9531,0.8677,0.7344,0.8559,2.1462,15,7,7,July,2024
15:04:24,2024-07-07,BNB,4,2538,128,3664,2746,719.9338032081794,148930232.0,148930232.0,200000000.0,BNB,503.25445039655716,1009062124.0,74949802052.0,0.9992,0.9531,0.8677,0.7344,0.8559,2.1462,15,7,7,July,2024
15:04:48,2024-07-07,BNB,4,2538,128,3664,2746,719.9338032081794,148930232.0,148930232.0,200000000.0,BNB,503.25445017508514,1008965689.0,74949802019.0,0.9992,0.9531,0.8677,0.7344,0.8559,2.1462,15,7,7,July,2024
15:05:09,2024-07-07,BNB,4,2538,128,3664,2746,719.9338032081794,148930232.0,148930232.0,200000000.0,BNB,503.26786020825654,1008876823.0,74951799178.0,0.9992,0.9531,0.8677,0.7344,0.8559,2.1462,15,7,7,July,2024
15:05:47,2024-07-07,BNB,4,2538,128,3664,2746,719.9338032081794,148930232.0,148930232.0,200000000.0,BNB,503.344613927385,1008982134.0,74963230128.0,0.9993,0.9536,0.8677,0.7351,0.8561,2.1469,15,7,7,July,2024
15:06:52,2024-07-07,BNB,4,2538,128,3661,2743,719.9338032081794,148930232.0,148930232.0,200000000.0,BNB,503.1862586990712,1008954618.0,74939646247.0,0.999,0.9533,0.8674,0.7348,0.8558,2.1463,15,7,7,July,2024
15:07:29,2024-07-07,BNB,4,2538,128,3661,2743,719.9338032081794,148930232.0,148930232.0,200000000.0,BNB,503.1419094075818,1008685704.0,74933041296.0,0.9989,0.9532,0.8673,0.7348,0.8557,2.1461,15,7,7,July,2024
15:07:53,2024-07-07,BNB,4,2538,128,3661,2743,719.9338032081794,148930232.0,148930232.0,200000000.0,BNB,503.14190911308646,1008373370.0,74933041253.0,0.9989,0.9532,0.8673,0.7348,0.8557,2.1461,15,7,7,July,2024
15:08:20,2024-07-07,BNB,4,2538,128,3660,2742,719.9338032081794,148930232.0,148930232.0,200000000.0,BNB,503.1451125583569,1008147027.0,74933518342.0,0.9989,0.9532,0.8673,0.7348,0.8557,2.1461,15,7,7,July,2024
15:08:39,2024-07-07,BNB,4,2538,128,3660,2742,719.9338032081794,148930232.0,148930232.0,200000000.0,BNB,503.145112461566,1008059812.0,74933518328.0,0.9989,0.9532,0.8673,0.7348,0.8557,2.1461,15,7,7,July,2024
15:09:01,2024-07-07,BNB,4,2538,128,3660,2742,719.9338032081794,148930232.0,148930232.0,200000000.0,BNB,503.1721522046957,1007888480.0,74937545363.0,0.999,0.9533,0.8674,0.7348,0.8558,2.1462,15,7,7,July,2024
15:09:23,2024-07-07,BNB,4,2538,128,3660,2742,719.9338032081794,148930232.0,148930232.0,200000000.0,BNB,503.2354314288088,1007866450.0,74946969553.0,0.9991,0.9534,0.8675,0.7349,0.8559,2.1465,15,7,7,July,2024
15:09:45,2024-07-07,BNB,4,2538,128,3660,2742,719.9338032081794,148930232.0,148930232.0,200000000.0,BNB,503.19394511384075,1007821915.0,74940790986.0,0.999,0.9533,0.8674,0.7348,0.8558,2.1463,15,7,7,July,2024
15:10:08,2024-07-07,BNB,4,2538,128,3660,2742,719.9338032081794,148930232.0,148930232.0,200000000.0,BNB,503.18944868961404,1007751062.0,74940121333.0,0.999,0.9533,0.8674,0.7348,0.8558,2.1463,15,7,7,July,2024
15:10:33,2024-07-07,BNB,4,2538,128,3660,2742,719.9338032081794,148930232.0,148930232.0,200000000.0,BNB,503.2512645265408,1007549166.0,74949327580.0,0.9991,0.9534,0.8675,0.7349,0.8559,2.1465,15,7,7,July,2024
15:10:57,2024-07-07,BNB,4,2538,128,3659,2741,719.9338032081794,148930232.0,148930232.0,200000000.0,BNB,503.2512643011284,1007375378.0,74949327546.0,0.9981,0.9548,0.8676,0.7354,0.856,2.1454,15,7,7,July,2024
15:11:19,2024-07-07,BNB,4,2538,128,3659,2741,719.9338032081794,148930232.0,148930232.0,200000000.0,BNB,503.23665411019886,1007310592.0,74947151647.0,0.9981,0.9547,0.8676,0.7354,0.856,2.1453,15,7,7,July,2024
15:11:42,2024-07-07,BNB,4,2538,128,3659,2741,719.9338032081794,148930232.0,148930232.0,200000000.0,BNB,503.3589438594041,1008587726.0,74965364288.0,0.9983,0.955,0.8678,0.7356,0.8562,2.1459,15,7,7,July,2024
15:12:03,2024-07-07,BNB,4,2538,128,3659,2741,719.9338032081794,148930232.0,148930232.0,200000000.0,BNB,503.36563518346486,1008473773.0,74966360828.0,0.9983,0.955,0.8678,0.7356,0.8562,2.1459,15,7,7,July,2024
15:12:27,2024-07-07,BNB,4,2538,128,3659,2741,719.9338032081794,148930232.0,148930232.0,200000000.0,BNB,503.37441154353684,1008362823.0,74967667894.0,0.9984,0.955,0.8678,0.7356,0.8562,2.1459,15,7,7,July,2024
15:12:47,2024-07-07,BNB,4,2538,128,3659,2741,719.9338032081794,148930232.0,148930232.0,200000000.0,BNB,503.37441122340147,1008351087.0,74967667846.0,0.9984,0.955,0.8678,0.7356,0.8562,2.1459,15,7,7,July,2024
15:13:08,2024-07-07,BNB,4,2538,128,3659,2741,719.9338032081794,148930232.0,148930232.0,200000000.0,BNB,503.3809924770315,1008260674.0,74968647993.0,0.9984,0.955,0.8678,0.7356,0.8563,2.146,15,7,7,July,2024
15:13:30,2024-07-07,BNB,4,2538,128,3658,2741,719.9338032081794,148930232.0,148930232.0,200000000.0,BNB,503.38644813980403,1008173153.0,74969460507.0,0.9984,0.955,0.8679,0.7356,0.8563,2.146,15,7,7,July,2024
15:13:51,2024-07-07,BNB,4,2538,128,3658,2741,719.9338032081794,148930232.0,148930232.0,200000000.0,BNB,503.3864479647536,1008096119.0,74969460481.0,0.9984,0.955,0.8679,0.7356,0.8563,2.146,15,7,7,July,2024
15:14:11,2024-07-07,BNB,4,2538,128,3659,2741,719.9338032081794,148930232.0,148930232.0,200000000.0,BNB,503.3890420324521,1008027461.0,74969846816.0,0.9984,0.955,0.8679,0.7356,0.8563,2.146,15,7,7,July,2024
15:14:31,2024-07-07,BNB,4,2538,128,3659,2741,719.9338032081794,148930232.0,148930232.0,200000000.0,BNB,503.41794117421523,1007807024.0,74974150772.0,0.9984,0.9551,0.8679,0.7356,0.8563,2.1461,15,7,7,July,2024
15:14:53,2024-07-07,BNB,4,2538,128,3659,2741,719.9338032081794,148930232.0,148930232.0,200000000.0,BNB,503.4557728823563,1007418350.0,74979785057.0,0.9985,0.9552,0.868,0.7357,0.8564,2.1463,15,7,7,July,2024
15:15:16,2024-07-07,BNB,4,2538,128,3659,2741,719.9338032081794,148930232.0,148930232.0,200000000.0,BNB,503.46406351835276,1007286383.0,74981019783.0,0.9985,0.9552,0.868,0.7357,0.8564,2.1463,15,7,7,July,2024
15:15:42,2024-07-07,BNB,4,2538,128,3659,2741,719.9338032081794,148930232.0,148930232.0,200000000.0,BNB,503.49591390960944,1007124726.0,74985763269.0,0.9986,0.9552,0.868,0.7358,0.8565,2.1465,15,7,7,July,2024
15:16:07,2024-07-07,BNB,4,2538,128,3658,2740,719.9338032081794,148930232.0,148930232.0,200000000.0,BNB,503.50146546951527,1006914828.0,74986590064.0,0.9969,0.9548,0.8687,0.7334,0.8565,2.1502,15,7,7,July,2024
15:16:27,2024-07-07,BNB,4,2538,128,3658,2740,719.9338032081794,148930232.0,148930232.0,200000000.0,BNB,503.7292105438983,1007829319.0,75020508191.0,0.9974,0.9552,0.8691,0.7338,0.8569,2.1512,15,7,7,July,2024
15:16:50,2024-07-07,BNB,4,2538,128,3658,2740,719.9338032081794,148930232.0,148930232.0,200000000.0,BNB,503.72906838491843,1007796980.0,75020487019.0,0.9974,0.9552,0.8691,0.7338,0.8569,2.1512,15,7,7,July,2024
15:17:11,2024-07-07,BNB,4,2538,128,3658,2740,719.9338032081794,148930232.0,148930232.0,200000000.0,BNB,503.729384240856,1007733608.0,75020534060.0,0.9974,0.9552,0.8691,0.7338,0.8569,2.1512,15,7,7,July,2024
15:17:32,2024-07-07,BNB,4,2538,128,3658,2740,719.9338032081794,148930232.0,148930232.0,200000000.0,BNB,503.7323587106654,1007554803.0,75020977048.0,0.9974,0.9552,0.8691,0.7338,0.8569,2.1512,15,7,7,July,2024
15:17:53,2024-07-07,BNB,4,2538,128,3658,2740,719.9338032081794,148930232.0,148930232.0,200000000.0,BNB,503.7323588247305,1007409409.0,75020977065.0,0.9974,0.9552,0.8691,0.7338,0.8569,2.1512,15,7,7,July,2024
15:18:16,2024-07-07,BNB,4,2538,128,3658,2740,719.9338032081794,148930232.0,148930232.0,200000000.0,BNB,503.68407950991434,1007302305.0,75013786816.0,0.9973,0.9552,0.869,0.7337,0.8568,2.151,15,7,7,July,2024
15:18:39,2024-07-07,BNB,4,2538,128,3658,2740,719.9338032081794,148930232.0,148930232.0,200000000.0,BNB,503.67114894775557,1007136556.0,75011861064.0,0.9973,0.9551,0.869,0.7337,0.8568,2.1509,15,7,7,July,2024
15:19:02,2024-07-07,BNB,4,2538,128,3660,2742,719.9338032081794,148930232.0,148930232.0,200000000.0,BNB,503.65729538469736,1006955693.0,75009797850.0,0.9973,0.9551,0.869,0.7337,0.8567,2.1508,15,7,7,July,2024
15:19:25,2024-07-07,BNB,4,2538,128,3659,2741,719.9338032081794,148930232.0,148930232.0,200000000.0,BNB,503.5867275199466,1006718159.0,74999288161.0,0.9971,0.955,0.8689,0.7336,0.8566,2.1505,15,7,7,July,2024
15:19:49,2024-07-07,BNB,4,2538,128,3658,2740,719.9338032081794,148930232.0,148930232.0,200000000.0,BNB,503.5867275424617,1006619652.0,74999288165.0,0.9971,0.955,0.8689,0.7336,0.8566,2.1505,15,7,7,July,2024
15:20:16,2024-07-07,BNB,4,2538,128,3656,2738,719.9338032081794,148930232.0,148930232.0,200000000.0,BNB,503.5106721985014,1006313944.0,74987961224.0,0.997,0.9548,0.8687,0.7334,0.8565,2.1502,15,7,7,July,2024
15:20:39,2024-07-07,BNB,4,2538,128,3656,2738,719.9338032081794,148930232.0,148930232.0,200000000.0,BNB,503.5106720340972,1006172789.0,74987961200.0,0.997,0.9548,0.8687,0.7334,0.8565,2.1502,15,7,7,July,2024
15:20:59,2024-07-07,BNB,4,2538,128,3656,2738,719.9338032081794,148930232.0,148930232.0,200000000.0,BNB,503.5106719244475,1006035826.0,74987961184.0,0.997,0.9548,0.8687,0.7334,0.8565,2.1502,15,7,7,July,2024
15:21:20,2024-07-07,BNB,4,2538,128,3656,2738,719.9338032081794,148930232.0,148930232.0,200000000.0,BNB,503.4690135238906,1005862070.0,74981756988.0,0.9975,0.953,0.8687,0.7332,0.8568,2.1485,15,7,7,July,2024
15:21:43,2024-07-07,BNB,4,2538,128,3656,2738,719.9338032081794,148930232.0,148930232.0,200000000.0,BNB,503.10801598161686,1006009282.0,74927993541.0,0.9968,0.9524,0.868,0.7327,0.8562,2.1469,15,7,7,July,2024
15:22:04,2024-07-07,BNB,4,2538,128,3656,2738,719.9338032081794,148930232.0,148930232.0,200000000.0,BNB,503.0823269361708,1005821350.0,74924167665.0,0.9968,0.9523,0.868,0.7327,0.8562,2.1468,15,7,7,July,2024
15:22:25,2024-07-07,BNB,4,2538,128,3656,2738,719.9338032081794,148930232.0,148930232.0,200000000.0,BNB,503.0355572680873,1005747406.0,74917202248.0,0.9967,0.9522,0.8679,0.7326,0.8561,2.1466,15,7,7,July,2024
15:22:46,2024-07-07,BNB,4,2538,128,3656,2738,719.9338032081794,148930232.0,148930232.0,200000000.0,BNB,503.0355568981616,1005771338.0,74917202193.0,0.9967,0.9522,0.8679,0.7326,0.8561,2.1466,15,7,7,July,2024
15:23:07,2024-07-07,BNB,4,2538,128,3655,2737,719.9338032081794,148930232.0,148930232.0,200000000.0,BNB,502.97879496097863,1005535210.0,74908748624.0,0.9966,0.9521,0.8678,0.7325,0.856,2.1464,15,7,7,July,2024
15:24:37,2024-07-07,BNB,4,2538,128,3652,2734,719.9338032081794,148930232.0,148930232.0,200000000.0,BNB,502.84641983435404,1004725019.0,74889033966.0,0.9963,0.9519,0.8676,0.7323,0.8558,2.1458,15,7,7,July,2024
15:25:01,2024-07-07,BNB,4,2538,128,3652,2734,719.9338032081794,148930232.0,148930232.0,200000000.0,BNB,502.84723167435595,1004653875.0,74889154873.0,0.9963,0.9519,0.8676,0.7323,0.8558,2.1458,15,7,7,July,2024
15:25:22,2024-07-07,BNB,4,2538,128,3651,2733,719.9338032081794,148930232.0,148930232.0,200000000.0,BNB,502.69502162230935,1004466097.0,74866486195.0,0.996,0.9516,0.8673,0.7321,0.8555,2.1452,15,7,7,July,2024
15:25:46,2024-07-07,BNB,4,2538,128,3651,2733,719.9338032081794,148930232.0,148930232.0,200000000.0,BNB,502.6950209994018,1004320124.0,74866486102.0,0.9964,0.9508,0.8674,0.7319,0.8554,2.1488,15,7,7,July,2024
15:26:07,2024-07-07,BNB,4,2538,128,3652,2734,719.9338032081794,148930232.0,148930232.0,200000000.0,BNB,502.67022563305653,1004184833.0,74862793323.0,0.9964,0.9507,0.8674,0.7318,0.8554,2.1487,15,7,7,July,2024
15:26:34,2024-07-07,BNB,4,2538,128,3652,2734,719.9338032081794,148930232.0,148930232.0,200000000.0,BNB,502.2697336091797,1004685525.0,74803147952.0,0.9956,0.9499,0.8667,0.7312,0.8547,2.147,15,7,7,July,2024
15:27:01,2024-07-07,BNB,4,2538,128,3652,2734,719.9338032081794,148930232.0,148930232.0,200000000.0,BNB,502.2697326198556,1004517114.0,74803147805.0,0.9956,0.9499,0.8667,0.7312,0.8547,2.147,15,7,7,July,2024
15:27:22,2024-07-07,BNB,4,2538,128,3652,2734,719.9338032081794,148930232.0,148930232.0,200000000.0,BNB,501.98472254412945,1004004455.0,74760701188.0,0.995,0.9494,0.8662,0.7308,0.8542,2.1457,15,7,7,July,2024
15:27:45,2024-07-07,BNB,4,2538,128,3651,2733,719.9338032081794,148930232.0,148930232.0,200000000.0,BNB,501.9849639106871,1003798206.0,74760737135.0,0.995,0.9494,0.8662,0.7308,0.8542,2.1457,15,7,7,July,2024
15:28:55,2024-07-07,BNB,4,2538,128,3651,2733,719.9338032081794,148930232.0,148930232.0,200000000.0,BNB,501.9832317114969,1003769779.0,74760479158.0,0.995,0.9494,0.8662,0.7308,0.8542,2.1457,15,7,7,July,2024
15:29:18,2024-07-07,BNB,4,2538,128,3650,2732,719.9338032081794,148930232.0,148930232.0,200000000.0,BNB,502.1431178621713,1003760934.0,74784291040.0,0.9953,0.9497,0.8665,0.7311,0.8545,2.1464,15,7,7,July,2024
15:29:39,2024-07-07,BNB,4,2538,128,3650,2732,719.9338032081794,148930232.0,148930232.0,200000000.0,BNB,502.1431171066208,1003660140.0,74784290927.0,0.9953,0.9497,0.8665,0.7311,0.8545,2.1464,15,7,7,July,2024
15:30:01,2024-07-07,BNB,4,2538,128,3650,2732,719.9338032081794,148930232.0,148930232.0,200000000.0,BNB,502.15010714078215,1003556960.0,74785331955.0,0.9953,0.9497,0.8665,0.7311,0.8545,2.1465,15,7,7,July,2024
15:30:24,2024-07-07,BNB,4,2538,128,3650,2732,719.9338032081794,148930232.0,148930232.0,200000000.0,BNB,502.2366340394874,1003726395.0,74798218426.0,0.9955,0.9499,0.8667,0.7312,0.8547,2.1468,15,7,7,July,2024
15:30:52,2024-07-07,BNB,4,2538,128,3650,2732,719.9338032081794,148930232.0,148930232.0,200000000.0,BNB,502.2366332595315,1003553863.0,74798218310.0,0.9962,0.9503,0.8664,0.7304,0.8551,2.1466,15,7,7,July,2024
15:31:12,2024-07-07,BNB,4,2538,128,3650,2732,719.9338032081794,148930232.0,148930232.0,200000000.0,BNB,502.2366330644362,1003468328.0,74798218281.0,0.9962,0.9503,0.8664,0.7304,0.8551,2.1466,15,7,7,July,2024
15:31:35,2024-07-07,BNB,4,2538,128,3650,2732,719.9338032081794,148930232.0,148930232.0,200000000.0,BNB,502.42146400272225,1004849850.0,74825745195.0,0.9966,0.9507,0.8667,0.7307,0.8554,2.1474,15,7,7,July,2024
15:31:56,2024-07-07,BNB,4,2538,128,3649,2731,719.9338032081794,148930232.0,148930232.0,200000000.0,BNB,502.42146266126264,1004695907.0,74825744995.0,0.9966,0.9507,0.8667,0.7307,0.8554,2.1474,15,7,7,July,2024
15:32:19,2024-07-07,BNB,4,2538,128,3649,2731,719.9338032081794,148930232.0,148930232.0,200000000.0,BNB,502.4922987229238,1004869266.0,74836294627.0,0.9968,0.9508,0.8668,0.7308,0.8555,2.1477,15,7,7,July,2024
15:32:42,2024-07-07,BNB,4,2538,128,3649,2731,719.9338032081794,148930232.0,148930232.0,200000000.0,BNB,502.49229766730707,1004663621.0,74836294469.0,0.9968,0.9508,0.8668,0.7308,0.8555,2.1477,15,7,7,July,2024
15:33:06,2024-07-07,BNB,4,2538,128,3649,2731,719.9338032081794,148930232.0,148930232.0,200000000.0,BNB,502.471799792481,1004430175.0,74833241716.0,0.9967,0.9508,0.8668,0.7308,0.8555,2.1476,15,7,7,July,2024
15:33:29,2024-07-07,BNB,4,2538,128,3649,2731,719.9338032081794,148930232.0,148930232.0,200000000.0,BNB,502.5254344854395,1004407886.0,74841229543.0,0.9968,0.9509,0.8669,0.7308,0.8556,2.1479,15,7,7,July,2024
15:33:55,2024-07-07,BNB,4,2538,128,3650,2731,719.9338032081794,148930232.0,148930232.0,200000000.0,BNB,502.5254335154876,1004281859.0,74841229399.0,0.9968,0.9509,0.8669,0.7308,0.8556,2.1479,15,7,7,July,2024
15:34:15,2024-07-07,BNB,4,2538,128,3650,2731,719.9338032081794,148930232.0,148930232.0,200000000.0,BNB,502.5217722750372,1004164710.0,74840684129.0,0.9968,0.9509,0.8669,0.7308,0.8556,2.1479,15,7,7,July,2024
15:34:38,2024-07-07,BNB,4,2538,128,3649,2730,719.9338032081794,148930232.0,148930232.0,200000000.0,BNB,502.5217713304169,1004080737.0,74840683989.0,0.9968,0.9509,0.8669,0.7308,0.8556,2.1479,15,7,7,July,2024
15:35:03,2024-07-07,BNB,4,2538,128,3649,2730,719.9338032081794,148930232.0,148930232.0,200000000.0,BNB,502.5345282214989,1004336689.0,74842583876.0,0.9968,0.9509,0.8669,0.7309,0.8556,2.1479,15,7,7,July,2024
15:35:50,2024-07-07,BNB,4,2538,128,3649,2730,719.9338032081794,148930232.0,148930232.0,200000000.0,BNB,502.5039962389798,1004067993.0,74838036740.0,0.9968,0.9508,0.8669,0.7308,0.8555,2.1478,15,7,7,July,2024
15:36:11,2024-07-07,BNB,4,2538,128,3649,2730,719.9338032081794,148930232.0,148930232.0,200000000.0,BNB,502.50399583179586,1003920690.0,74838036680.0,0.9972,0.9505,0.8671,0.7293,0.8562,2.1485,15,7,7,July,2024
15:36:34,2024-07-07,BNB,4,2538,128,3649,2730,719.9338032081794,148930232.0,148930232.0,200000000.0,BNB,502.57766781934953,1005000340.0,74849008666.0,0.9973,0.9506,0.8672,0.7294,0.8563,2.1488,15,7,7,July,2024
15:36:55,2024-07-07,BNB,4,2538,128,3650,2731,719.9338032081794,148930232.0,148930232.0,200000000.0,BNB,502.57766781934953,1005000340.0,74849008666.0,0.9973,0.9506,0.8672,0.7294,0.8563,2.1488,15,7,7,July,2024
15:37:27,2024-07-07,BNB,4,2538,128,3650,2731,719.9338032081794,148930232.0,148930232.0,200000000.0,BNB,502.62851979088293,1004830872.0,74856582062.0,0.9974,0.9507,0.8673,0.7294,0.8564,2.149,15,7,7,July,2024
15:38:08,2024-07-07,BNB,4,2538,128,3649,2730,719.9338032081794,148930232.0,148930232.0,200000000.0,BNB,502.62851873253345,1004606443.0,74856581904.0,0.9974,0.9507,0.8673,0.7294,0.8564,2.149,15,7,7,July,2024
15:38:29,2024-07-07,BNB,4,2538,128,3649,2730,719.9338032081794,148930232.0,148930232.0,200000000.0,BNB,502.6260665489151,1004564010.0,74856216700.0,0.9974,0.9507,0.8673,0.7294,0.8564,2.149,15,7,7,July,2024
15:38:50,2024-07-07,BNB,4,2538,128,3649,2730,719.9338032081794,148930232.0,148930232.0,200000000.0,BNB,502.62606581024585,1004469285.0,74856216590.0,0.9974,0.9507,0.8673,0.7294,0.8564,2.149,15,7,7,July,2024
15:39:44,2024-07-07,BNB,4,2538,128,3648,2729,719.9338032081794,148930232.0,148930232.0,200000000.0,BNB,502.63041519094435,1004261142.0,74856864344.0,0.9974,0.9507,0.8673,0.7294,0.8564,2.149,15,7,7,July,2024
15:40:08,2024-07-07,BNB,4,2538,128,3648,2729,719.9338032081794,148930232.0,148930232.0,200000000.0,BNB,502.6294995662246,1004043499.0,74856727980.0,0.9974,0.9507,0.8673,0.7294,0.8564,2.149,15,7,7,July,2024
15:40:29,2024-07-07,BNB,4,2538,128,3649,2729,719.9338032081794,148930232.0,148930232.0,200000000.0,BNB,502.59088964205296,1003683146.0,74850977795.0,0.9974,0.9506,0.8672,0.7294,0.8563,2.1489,15,7,7,July,2024
15:40:53,2024-07-07,BNB,4,2538,128,3648,2728,719.9338032081794,148930232.0,148930232.0,200000000.0,BNB,502.5900765365426,1003539439.0,74850856699.0,0.9973,0.9506,0.8672,0.7294,0.8563,2.1488,15,7,7,July,2024
15:41:21,2024-07-07,BNB,4,2538,128,3648,2728,719.9338032081794,148930232.0,148930232.0,200000000.0,BNB,502.5910017733946,1003398075.0,74850994495.0,0.9983,0.9503,0.8665,0.7277,0.8556,2.148,15,7,7,July,2024
15:41:42,2024-07-07,BNB,4,2538,128,3647,2727,719.9338032081794,148930232.0,148930232.0,200000000.0,BNB,502.6611333929975,1004491336.0,74861439213.0,0.9984,0.9504,0.8666,0.7278,0.8557,2.1483,15,7,7,July,2024
15:42:05,2024-07-07,BNB,4,2538,128,3647,2727,719.9338032081794,148930232.0,148930232.0,200000000.0,BNB,502.6850279210723,1004414789.0,74864997831.0,0.9985,0.9505,0.8667,0.7278,0.8558,2.1484,15,7,7,July,2024
15:42:26,2024-07-07,BNB,4,2538,128,3647,2727,719.9338032081794,148930232.0,148930232.0,200000000.0,BNB,502.6877280658586,1004478666.0,74865399964.0,0.9985,0.9505,0.8667,0.7278,0.8558,2.1484,15,7,7,July,2024
15:42:50,2024-07-07,BNB,4,2538,128,3647,2727,719.9338032081794,148930232.0,148930232.0,200000000.0,BNB,502.6877264538098,1004537363.0,74865399724.0,0.9985,0.9505,0.8667,0.7278,0.8558,2.1484,15,7,7,July,2024
15:43:12,2024-07-07,BNB,4,2538,128,3647,2727,719.9338032081794,148930232.0,148930232.0,200000000.0,BNB,502.6995729713218,1004426849.0,74867164028.0,0.9985,0.9505,0.8667,0.7278,0.8558,2.1485,15,7,7,July,2024
15:43:32,2024-07-07,BNB,4,2538,128,3647,2727,719.9338032081794,148930232.0,148930232.0,200000000.0,BNB,502.72451654280525,1004444564.0,74870878880.0,0.9986,0.9506,0.8667,0.7279,0.8558,2.1486,15,7,7,July,2024
15:43:55,2024-07-07,BNB,4,2538,128,3647,2727,719.9338032081794,148930232.0,148930232.0,200000000.0,BNB,502.7247218608795,1004250863.0,74870909458.0,0.9986,0.9506,0.8667,0.7279,0.8558,2.1486,15,7,7,July,2024
15:44:28,2024-07-07,BNB,4,2538,128,3648,2728,719.9338032081794,148930232.0,148930232.0,200000000.0,BNB,502.6910938107017,1004118528.0,74865901225.0,0.9985,0.9505,0.8667,0.7278,0.8558,2.1484,15,7,7,July,2024
15:44:55,2024-07-07,BNB,4,2538,128,3646,2726,719.9338032081794,148930232.0,148930232.0,200000000.0,BNB,502.6910928283271,1004028759.0,74865901079.0,0.9985,0.9505,0.8667,0.7278,0.8558,2.1484,15,7,7,July,2024
15:45:17,2024-07-07,BNB,4,2538,128,3646,2726,719.9338032081794,148930232.0,148930232.0,200000000.0,BNB,502.6973991355715,1003849595.0,74866840279.0,0.9985,0.9505,0.8667,0.7278,0.8558,2.1485,15,7,7,July,2024
15:45:45,2024-07-07,BNB,4,2538,128,3647,2727,719.9338032081794,148930232.0,148930232.0,200000000.0,BNB,502.67931484797083,1003778429.0,74864146981.0,0.9982,0.9514,0.8667,0.7262,0.8553,2.1482,15,7,7,July,2024
15:46:07,2024-07-07,BNB,4,2538,128,3647,2727,719.9338032081794,148930232.0,148930232.0,200000000.0,BNB,502.6584341469484,1003668329.0,74861037214.0,0.9981,0.9514,0.8667,0.7262,0.8552,2.1481,15,7,7,July,2024
15:46:27,2024-07-07,BNB,4,2538,128,3647,2727,719.9338032081794,148930232.0,148930232.0,200000000.0,BNB,502.6461217838885,1003607705.0,74859203531.0,0.9981,0.9513,0.8667,0.7262,0.8552,2.1481,15,7,7,July,2024
15:46:47,2024-07-07,BNB,4,2538,128,3647,2727,719.9338032081794,148930232.0,148930232.0,200000000.0,BNB,502.58439866000646,1004611071.0,74850011092.0,0.998,0.9512,0.8666,0.7261,0.8551,2.1478,15,7,7,July,2024
15:47:09,2024-07-07,BNB,4,2538,128,3647,2727,719.9338032081794,148930232.0,148930232.0,200000000.0,BNB,502.5765056772126,1004387414.0,74848835588.0,0.998,0.9512,0.8665,0.7261,0.8551,2.1478,15,7,7,July,2024
15:47:34,2024-07-07,BNB,4,2538,128,3647,2727,719.9338032081794,148930232.0,148930232.0,200000000.0,BNB,502.60307864782396,1004362109.0,74852793106.0,0.998,0.9512,0.8666,0.7261,0.8551,2.1479,15,7,7,July,2024
15:47:57,2024-07-07,BNB,4,2538,128,3647,2727,719.9338032081794,148930232.0,148930232.0,200000000.0,BNB,502.6034651928181,1004320880.0,74852850675.0,0.998,0.9512,0.8666,0.7261,0.8551,2.1479,15,7,7,July,2024
15:48:17,2024-07-07,BNB,4,2538,128,3647,2727,719.9338032081794,148930232.0,148930232.0,200000000.0,BNB,502.7189250718076,1004502121.0,74870046141.0,0.9983,0.9515,0.8668,0.7263,0.8553,2.1484,15,7,7,July,2024
15:48:42,2024-07-07,BNB,4,2538,128,3647,2727,719.9338032081794,148930232.0,148930232.0,200000000.0,BNB,502.7189241617106,1004329645.0,74870046006.0,0.9983,0.9515,0.8668,0.7263,0.8553,2.1484,15,7,7,July,2024
15:49:06,2024-07-07,BNB,4,2538,128,3647,2727,719.9338032081794,148930232.0,148930232.0,200000000.0,BNB,502.718923275132,1004124447.0,74870045874.0,0.9983,0.9515,0.8668,0.7263,0.8553,2.1484,15,7,7,July,2024
15:49:27,2024-07-07,BNB,4,2538,128,3646,2726,719.9338032081794,148930232.0,148930232.0,200000000.0,BNB,502.64940305244687,1003780454.0,74859692211.0,0.9981,0.9513,0.8667,0.7262,0.8552,2.1481,15,7,7,July,2024
15:49:48,2024-07-07,BNB,4,2538,128,3646,2726,719.9338032081794,148930232.0,148930232.0,200000000.0,BNB,502.6494022061377,1003655551.0,74859692085.0,0.9981,0.9513,0.8667,0.7262,0.8552,2.1481,15,7,7,July,2024
15:50:13,2024-07-07,BNB,4,2538,128,3646,2726,719.9338032081794,148930232.0,148930232.0,200000000.0,BNB,502.6405092403516,1003502285.0,74858367653.0,0.9981,0.9513,0.8667,0.7262,0.8552,2.1481,15,7,7,July,2024
15:50:33,2024-07-07,BNB,4,2538,128,3646,2726,719.9338032081794,148930232.0,148930232.0,200000000.0,BNB,502.6680717712959,1003497141.0,74862472547.0,0.9982,0.9514,0.8667,0.7262,0.8552,2.1482,15,7,7,July,2024
15:50:54,2024-07-07,BNB,4,2538,128,3647,2727,719.9338032081794,148930232.0,148930232.0,200000000.0,BNB,502.66769986772135,1003367446.0,74862417160.0,0.998,0.9507,0.8665,0.7279,0.8553,2.15,15,7,7,July,2024
15:51:17,2024-07-07,BNB,4,2538,128,3647,2727,719.9338032081794,148930232.0,148930232.0,200000000.0,BNB,502.6725855776139,1003203955.0,74863144790.0,0.998,0.9507,0.8665,0.7279,0.8553,2.15,15,7,7,July,2024
15:51:42,2024-07-07,BNB,4,2538,128,3647,2727,719.9338032081794,148930232.0,148930232.0,200000000.0,BNB,502.7552966849422,1004413489.0,74875462974.0,0.9982,0.9508,0.8667,0.728,0.8555,2.1504,15,7,7,July,2024
15:52:02,2024-07-07,BNB,4,2538,128,3647,2727,719.9338032081794,148930232.0,148930232.0,200000000.0,BNB,502.7552955438469,1004175885.0,74875462804.0,0.9982,0.9508,0.8667,0.728,0.8555,2.1504,15,7,7,July,2024
15:52:28,2024-07-07,BNB,4,2538,128,3647,2727,719.9338032081794,148930232.0,148930232.0,200000000.0,BNB,502.6635516958333,1004044213.0,74861799372.0,0.998,0.9507,0.8665,0.7279,0.8553,2.15,15,7,7,July,2024
15:52:47,2024-07-07,BNB,4,2538,128,3647,2727,719.9338032081794,148930232.0,148930232.0,200000000.0,BNB,502.6635506212685,1003418976.0,74861799211.0,0.998,0.9507,0.8665,0.7279,0.8553,2.15,15,7,7,July,2024
15:53:08,2024-07-07,BNB,4,2538,128,3647,2727,719.9338032081794,148930232.0,148930232.0,200000000.0,BNB,502.6635506212685,1003418976.0,74861799211.0,0.998,0.9507,0.8665,0.7279,0.8553,2.15,15,7,7,July,2024
15:53:29,2024-07-07,BNB,4,2538,128,3660,2740,719.9338032081794,148930232.0,148930232.0,200000000.0,BNB,502.6635488194139,1002971731.0,74861798943.0,0.998,0.9507,0.8665,0.7279,0.8553,2.15,15,7,7,July,2024
15:53:50,2024-07-07,BNB,4,2538,128,3660,2740,719.9338032081794,148930232.0,148930232.0,200000000.0,BNB,502.6635484603875,1002882158.0,74861798890.0,0.998,0.9507,0.8665,0.7279,0.8553,2.15,15,7,7,July,2024
15:54:14,2024-07-07,BNB,4,2538,128,3660,2740,719.9338032081794,148930232.0,148930232.0,200000000.0,BNB,502.67711584730836,1002882832.0,74863819484.0,0.9981,0.9507,0.8665,0.7279,0.8553,2.1501,15,7,7,July,2024
15:54:35,2024-07-07,BNB,4,2538,128,3660,2740,719.9338032081794,148930232.0,148930232.0,200000000.0,BNB,502.6772712443882,1002618127.0,74863842627.0,0.9981,0.9507,0.8665,0.7279,0.8553,2.1501,15,7,7,July,2024
15:54:56,2024-07-07,BNB,4,2538,128,3660,2740,719.9338032081794,148930232.0,148930232.0,200000000.0,BNB,502.65991473468824,1002734655.0,74861257718.0,0.998,0.9506,0.8665,0.7279,0.8553,2.15,15,7,7,July,2024
15:55:17,2024-07-07,BNB,4,2538,128,3660,2740,719.9338032081794,148930232.0,148930232.0,200000000.0,BNB,502.7018068229424,1002911226.0,74867496716.0,0.9981,0.9507,0.8666,0.728,0.8554,2.1502,15,7,7,July,2024
15:55:39,2024-07-07,BNB,4,2538,128,3660,2740,719.9338032081794,148930232.0,148930232.0,200000000.0,BNB,502.67042538252224,1002716042.0,74862823071.0,0.9987,0.9504,0.8663,0.7299,0.8553,2.1501,15,7,7,July,2024
15:56:02,2024-07-07,BNB,4,2538,128,3660,2740,719.9338032081794,148930232.0,148930232.0,200000000.0,BNB,502.72624954797,1002674190.0,74871136977.0,0.9988,0.9505,0.8664,0.73,0.8554,2.1504,15,7,7,July,2024
15:56:26,2024-07-07,BNB,4,2538,128,3660,2740,719.9338032081794,148930232.0,148930232.0,200000000.0,BNB,502.72514921972834,1002447563.0,74870973105.0,0.9988,0.9505,0.8664,0.73,0.8554,2.1504,15,7,7,July,2024
15:56:49,2024-07-07,BNB,4,2538,128,3660,2740,719.9338032081794,148930232.0,148930232.0,200000000.0,BNB,502.68320215967634,1002332573.0,74864725920.0,0.9987,0.9504,0.8663,0.7299,0.8553,2.1502,15,7,7,July,2024
15:57:11,2024-07-07,BNB,4,2538,128,3659,2739,719.9338032081794,148930232.0,148930232.0,200000000.0,BNB,502.68922900862253,1002070363.0,74865623500.0,0.9987,0.9504,0.8663,0.7299,0.8553,2.1502,15,7,7,July,2024
15:57:33,2024-07-07,BNB,4,2538,128,3660,2739,719.9338032081794,148930232.0,148930232.0,200000000.0,BNB,502.69370641767284,1001883333.0,74866290321.0,0.9987,0.9504,0.8663,0.7299,0.8553,2.1502,15,7,7,July,2024
15:57:55,2024-07-07,BNB,4,2538,128,3661,2740,719.9338032081794,148930232.0,148930232.0,200000000.0,BNB,502.66826418441775,1001895726.0,74862501204.0,0.9987,0.9504,0.8663,0.7299,0.8553,2.1501,15,7,7,July,2024
15:58:19,2024-07-07,BNB,4,2538,128,3661,2740,719.9338032081794,148930232.0,148930232.0,200000000.0,BNB,502.67112873449423,1001663341.0,74862927822.0,0.9987,0.9504,0.8663,0.7299,0.8553,2.1501,15,7,7,July,2024
15:58:40,2024-07-07,BNB,4,2538,128,3661,2740,719.9338032081794,148930232.0,148930232.0,200000000.0,BNB,502.6711291403126,1001652258.0,74862927882.0,0.9987,0.9504,0.8663,0.7299,0.8553,2.1501,15,7,7,July,2024
15:59:02,2024-07-07,BNB,4,2538,128,3661,2740,719.9338032081794,148930232.0,148930232.0,200000000.0,BNB,502.67482567822043,1001629210.0,74863478408.0,0.9987,0.9504,0.8663,0.7299,0.8553,2.1501,15,7,7,July,2024
15:59:23,2024-07-07,BNB,4,2538,128,3661,2740,719.9338032081794,148930232.0,148930232.0,200000000.0,BNB,502.6751797831316,1001349048.0,74863531145.0,0.9987,0.9504,0.8663,0.7299,0.8553,2.1501,15,7,7,July,2024
15:59:45,2024-07-07,BNB,4,2538,128,3661,2740,719.9338032081794,148930232.0,148930232.0,200000000.0,BNB,502.72372912640793,1001442983.0,74870761610.0,0.9988,0.9505,0.8664,0.73,0.8554,2.1503,15,7,7,July,2024
16:00:09,2024-07-07,BNB,4,2538,128,3661,2740,719.9338032081794,148930232.0,148930232.0,200000000.0,BNB,502.73507670732965,1002382726.0,74872451608.0,0.9988,0.9505,0.8664,0.73,0.8554,2.1504,16,7,7,July,2024
16:00:28,2024-07-07,BNB,4,2538,128,3661,2740,719.9338032081794,148930232.0,148930232.0,200000000.0,BNB,502.7346825539123,1002219371.0,74872392907.0,0.9988,0.9505,0.8664,0.73,0.8554,2.1504,16,7,7,July,2024
16:00:49,2024-07-07,BNB,4,2538,128,3661,2740,719.9338032081794,148930232.0,148930232.0,200000000.0,BNB,502.76053883336414,1000372807.0,74876243688.0,0.9981,0.9497,0.8666,0.7294,0.8553,2.1507,16,7,7,July,2024
16:01:13,2024-07-07,BNB,4,2538,128,3661,2740,719.9338032081794,148930232.0,148930232.0,200000000.0,BNB,502.81815125980586,1000306072.0,74884823920.0,0.9982,0.9498,0.8667,0.7295,0.8554,2.151,16,7,7,July,2024
16:01:35,2024-07-07,BNB,4,2538,128,3662,2741,719.9338032081794,148930232.0,148930232.0,200000000.0,BNB,502.81815182221345,999634865.0,74884824004.0,0.9982,0.9498,0.8667,0.7295,0.8554,2.151,16,7,7,July,2024
16:02:05,2024-07-07,BNB,4,2538,128,3662,2741,719.9338032081794,148930232.0,148930232.0,200000000.0,BNB,502.7787555913317,999607099.0,74878956714.0,0.9981,0.9497,0.8666,0.7295,0.8553,2.1508,16,7,7,July,2024
16:02:39,2024-07-07,BNB,4,2538,128,3661,2740,719.9338032081794,148930232.0,148930232.0,200000000.0,BNB,502.79176854175364,999297229.0,74880894736.0,0.9982,0.9497,0.8666,0.7295,0.8554,2.1509,16,7,7,July,2024
16:03:24,2024-07-07,BNB,4,2538,128,3661,2740,719.9338032081794,148930232.0,148930232.0,200000000.0,BNB,502.784491155716,998458153.0,74879810913.0,0.9981,0.9497,0.8666,0.7295,0.8553,2.1508,16,7,7,July,2024
16:04:05,2024-07-07,BNB,4,2538,128,3660,2740,719.9338032081794,148930232.0,148930232.0,200000000.0,BNB,502.9863203780548,998600772.0,74909869386.0,0.9985,0.9501,0.8669,0.7298,0.8557,2.1517,16,7,7,July,2024
16:04:39,2024-07-07,BNB,4,2538,128,3659,2739,719.9338032081794,148930232.0,148930232.0,200000000.0,BNB,502.9764383596652,998183473.0,74908397655.0,0.9985,0.9501,0.8669,0.7298,0.8557,2.1517,16,7,7,July,2024
16:05:05,2024-07-07,BNB,4,2538,128,3658,2738,719.9338032081794,148930232.0,148930232.0,200000000.0,BNB,502.55047634064346,997994280.0,74844959033.0,0.9977,0.9493,0.8662,0.7291,0.8549,2.1498,16,7,7,July,2024
16:05:40,2024-07-07,BNB,4,2538,128,3657,2737,719.9338032081794,148930232.0,148930232.0,200000000.0,BNB,502.5747336853504,998052710.0,74848571685.0,0.9977,0.9493,0.8662,0.7292,0.855,2.1499,16,7,7,July,2024
16:06:02,2024-07-07,BNB,4,2538,128,3657,2737,719.9338032081794,148930232.0,148930232.0,200000000.0,BNB,502.5813490031346,997914641.0,74849556905.0,0.9986,0.9491,0.8667,0.7301,0.8551,2.15,16,7,7,July,2024
16:06:27,2024-07-07,BNB,4,2538,128,3658,2738,719.9338032081794,148930232.0,148930232.0,200000000.0,BNB,502.58134936403064,997685140.0,74849556959.0,0.9986,0.9491,0.8667,0.7301,0.8551,2.15,16,7,7,July,2024
16:06:51,2024-07-07,BNB,4,2538,128,3658,2738,719.9338032081794,148930232.0,148930232.0,200000000.0,BNB,502.60616937957445,997588997.0,74853253410.0,0.9986,0.9491,0.8667,0.7302,0.8551,2.1501,16,7,7,July,2024
16:07:16,2024-07-07,BNB,4,2538,128,3657,2737,719.9338032081794,148930232.0,148930232.0,200000000.0,BNB,502.5923655716904,997380620.0,74851197606.0,0.9986,0.9491,0.8667,0.7302,0.8551,2.15,16,7,7,July,2024
16:07:35,2024-07-07,BNB,4,2538,128,3657,2737,719.9338032081794,148930232.0,148930232.0,200000000.0,BNB,502.5883909087917,997223451.0,74850605658.0,0.9986,0.9491,0.8667,0.7302,0.8551,2.15,16,7,7,July,2024
16:08:02,2024-07-07,BNB,4,2538,128,3657,2737,719.9338032081794,148930232.0,148930232.0,200000000.0,BNB,502.65771937626357,997562167.0,74860930763.0,0.9987,0.9492,0.8668,0.7303,0.8552,2.1503,16,7,7,July,2024
16:08:21,2024-07-07,BNB,4,2538,128,3657,2737,719.9338032081794,148930232.0,148930232.0,200000000.0,BNB,502.66593387840175,997451895.0,74862154151.0,0.9988,0.9492,0.8668,0.7303,0.8552,2.1503,16,7,7,July,2024
16:08:42,2024-07-07,BNB,4,2538,128,3657,2737,719.9338032081794,148930232.0,148930232.0,200000000.0,BNB,502.67084739262,997383953.0,74862885921.0,0.9988,0.9492,0.8668,0.7303,0.8552,2.1504,16,7,7,July,2024
16:09:02,2024-07-07,BNB,4,2538,128,3657,2737,719.9338032081794,148930232.0,148930232.0,200000000.0,BNB,502.7046770834107,997312604.0,74867924185.0,0.9988,0.9493,0.8669,0.7303,0.8553,2.1505,16,7,7,July,2024
16:09:25,2024-07-07,BNB,4,2538,128,3658,2738,719.9338032081794,148930232.0,148930232.0,200000000.0,BNB,502.704677510402,997099673.0,74867924249.0,0.9988,0.9493,0.8669,0.7303,0.8553,2.1505,16,7,7,July,2024
16:09:49,2024-07-07,BNB,4,2538,128,3656,2736,719.9338032081794,148930232.0,148930232.0,200000000.0,BNB,502.7651713576879,997481695.0,74876933611.0,0.999,0.9494,0.867,0.7304,0.8554,2.1508,16,7,7,July,2024
16:10:10,2024-07-07,BNB,4,2538,128,3656,2736,719.9338032081794,148930232.0,148930232.0,200000000.0,BNB,503.15947156314996,999277518.0,74935656832.0,0.9997,0.9502,0.8677,0.731,0.8561,2.1524,16,7,7,July,2024
16:10:33,2024-07-07,BNB,4,2538,128,3655,2735,719.9338032081794,148930232.0,148930232.0,200000000.0,BNB,503.16998912628094,999057615.0,74937223216.0,0.9998,0.9502,0.8677,0.731,0.8561,2.1525,16,7,7,July,2024
16:10:55,2024-07-07,BNB,4,2538,128,3655,2735,719.9338032081794,148930232.0,148930232.0,200000000.0,BNB,503.24254628109134,999204126.0,74948029169.0,0.9999,0.9503,0.8678,0.7311,0.8562,2.1528,16,7,7,July,2024
16:11:20,2024-07-07,BNB,4,2538,128,3655,2735,719.9338032081794,148930232.0,148930232.0,200000000.0,BNB,503.23571549155184,998907793.0,74947011858.0,1.0,0.9492,0.8678,0.7325,0.8566,2.1523,16,7,7,July,2024
16:11:42,2024-07-07,BNB,4,2538,128,3655,2735,719.9338032081794,148930232.0,148930232.0,200000000.0,BNB,503.2357394109129,999011696.0,74947015421.0,1.0,0.9492,0.8678,0.7325,0.8566,2.1523,16,7,7,July,2024
16:12:03,2024-07-07,BNB,4,2538,128,3654,2734,719.9338032081794,148930232.0,148930232.0,200000000.0,BNB,503.3009399182685,998965523.0,74956725747.0,1.0002,0.9493,0.8679,0.7326,0.8567,2.1526,16,7,7,July,2024
16:12:38,2024-07-07,BNB,4,2538,128,3654,2734,719.9338032081794,148930232.0,148930232.0,200000000.0,BNB,503.3103506013261,998695211.0,74958127283.0,1.0002,0.9493,0.8679,0.7326,0.8568,2.1526,16,7,7,July,2024
16:13:00,2024-07-07,BNB,4,2538,128,3654,2734,719.9338032081794,148930232.0,148930232.0,200000000.0,BNB,503.2685613423987,998676148.0,74951903599.0,1.0001,0.9492,0.8678,0.7325,0.8567,2.1524,16,7,7,July,2024
16:13:24,2024-07-07,BNB,4,2538,128,3654,2734,719.9338032081794,148930232.0,148930232.0,200000000.0,BNB,503.2627509754508,998419209.0,74951038259.0,1.0001,0.9492,0.8678,0.7325,0.8567,2.1524,16,7,7,July,2024
16:13:45,2024-07-07,BNB,4,2538,128,3655,2734,719.9338032081794,148930232.0,148930232.0,200000000.0,BNB,503.2587491390164,998502752.0,74950442265.0,1.0001,0.9492,0.8678,0.7325,0.8567,2.1524,16,7,7,July,2024
16:14:08,2024-07-07,BNB,4,2538,128,3654,2733,719.9338032081794,148930232.0,148930232.0,200000000.0,BNB,503.26388646383424,998328815.0,74951207368.0,1.0001,0.9492,0.8678,0.7325,0.8567,2.1524,16,7,7,July,2024
16:14:27,2024-07-07,BNB,4,2538,128,3654,2733,719.9338032081794,148930232.0,148930232.0,200000000.0,BNB,503.26388685499415,998187488.0,74951207426.0,1.0001,0.9492,0.8678,0.7325,0.8567,2.1524,16,7,7,July,2024
16:14:51,2024-07-07,BNB,4,2538,128,3654,2733,719.9338032081794,148930232.0,148930232.0,200000000.0,BNB,503.36154647629974,998551399.0,74965751896.0,1.0003,0.9494,0.868,0.7327,0.8568,2.1528,16,7,7,July,2024
16:15:15,2024-07-07,BNB,4,2538,128,3654,2733,719.9338032081794,148930232.0,148930232.0,200000000.0,BNB,503.57552631744863,999810975.0,74997619963.0,1.0007,0.9498,0.8683,0.733,0.8572,2.1537,16,7,7,July,2024
16:15:37,2024-07-07,BNB,4,2538,128,3654,2733,719.9338032081794,148930232.0,148930232.0,200000000.0,BNB,503.58325908484017,999616912.0,74998771606.0,1.0007,0.9498,0.8683,0.733,0.8572,2.1538,16,7,7,July,2024
16:16:05,2024-07-07,BNB,4,2538,128,3653,2732,719.9338032081794,148930232.0,148930232.0,200000000.0,BNB,503.52846726706844,998994521.0,74990611448.0,1.0006,0.9497,0.8683,0.7329,0.8571,2.1535,16,7,7,July,2024
16:16:27,2024-07-07,BNB,4,2538,128,3653,2732,719.9338032081794,148930232.0,148930232.0,200000000.0,BNB,503.5299108670314,998634932.0,74990826444.0,1.0001,0.9497,0.8678,0.7332,0.8572,2.1531,16,7,7,July,2024
16:16:49,2024-07-07,BNB,4,2538,128,3653,2732,719.9338032081794,148930232.0,148930232.0,200000000.0,BNB,503.65571673443526,997823735.0,75009562741.0,1.0003,0.95,0.868,0.7334,0.8574,2.1536,16,7,7,July,2024
16:17:10,2024-07-07,BNB,4,2538,128,3653,2732,719.9338032081794,148930232.0,148930232.0,200000000.0,BNB,503.66347975048825,997675100.0,75010718889.0,1.0003,0.95,0.8681,0.7334,0.8574,2.1537,16,7,7,July,2024
16:17:34,2024-07-07,BNB,4,2538,128,3653,2732,719.9338032081794,148930232.0,148930232.0,200000000.0,BNB,503.6684706824455,997481502.0,75011462189.0,1.0004,0.95,0.8681,0.7335,0.8574,2.1537,16,7,7,July,2024
16:17:59,2024-07-07,BNB,4,2538,128,3653,2732,719.9338032081794,148930232.0,148930232.0,200000000.0,BNB,503.6720405695118,997685556.0,75011993853.0,1.0004,0.95,0.8681,0.7335,0.8574,2.1537,16,7,7,July,2024
16:18:19,2024-07-07,BNB,4,2538,128,3653,2732,719.9338032081794,148930232.0,148930232.0,200000000.0,BNB,503.67052107254193,997493453.0,75011767554.0,1.0004,0.95,0.8681,0.7335,0.8574,2.1537,16,7,7,July,2024
16:18:42,2024-07-07,BNB,4,2538,128,3653,2732,719.9338032081794,148930232.0,148930232.0,200000000.0,BNB,503.67052163989877,997513135.0,75011767639.0,1.0004,0.95,0.8681,0.7335,0.8574,2.1537,16,7,7,July,2024
16:19:02,2024-07-07,BNB,4,2538,128,3653,2732,719.9338032081794,148930232.0,148930232.0,200000000.0,BNB,503.71242170405816,997803333.0,75018007825.0,1.0004,0.9501,0.8681,0.7335,0.8575,2.1539,16,7,7,July,2024
16:19:23,2024-07-07,BNB,4,2538,128,3654,2733,719.9338032081794,148930232.0,148930232.0,200000000.0,BNB,503.72633121037563,997599171.0,75020079371.0,1.0005,0.9501,0.8682,0.7335,0.8575,2.1539,16,7,7,July,2024
16:19:47,2024-07-07,BNB,4,2538,128,3654,2733,719.9338032081794,148930232.0,148930232.0,200000000.0,BNB,503.90040751549924,998248946.0,75046004596.0,1.0008,0.9504,0.8685,0.7338,0.8578,2.1547,16,7,7,July,2024
16:20:12,2024-07-07,BNB,4,2538,128,3654,2733,719.9338032081794,148930232.0,148930232.0,200000000.0,BNB,504.461956086207,1000585348.0,75129636155.0,1.0019,0.9515,0.8694,0.7346,0.8588,2.1571,16,7,7,July,2024
16:20:39,2024-07-07,BNB,4,2538,128,3653,2732,719.9338032081794,148930232.0,148930232.0,200000000.0,BNB,504.4785433517853,1000426083.0,75132106500.0,1.0018,0.951,0.8699,0.7337,0.859,2.1581,16,7,7,July,2024
16:20:59,2024-07-07,BNB,4,2538,128,3654,2733,719.9338032081794,148930232.0,148930232.0,200000000.0,BNB,504.51429397953945,1000798408.0,75137430849.0,1.0019,0.9511,0.87,0.7338,0.859,2.1582,16,7,7,July,2024
16:21:21,2024-07-07,BNB,4,2538,128,3654,2733,719.9338032081794,148930232.0,148930232.0,200000000.0,BNB,504.52015339475173,1000569810.0,75138303493.0,1.0019,0.9511,0.87,0.7338,0.859,2.1582,16,7,7,July,2024
16:21:45,2024-07-07,BNB,4,2538,128,3654,2733,719.9338032081794,148930232.0,148930232.0,200000000.0,BNB,504.4982039449701,1000716409.0,75135034557.0,1.0018,0.951,0.87,0.7337,0.859,2.1581,16,7,7,July,2024
16:22:10,2024-07-07,BNB,4,2538,128,3654,2733,719.9338032081794,148930232.0,148930232.0,200000000.0,BNB,504.4887353956043,1000469855.0,75133624403.0,1.0018,0.951,0.87,0.7337,0.859,2.1581,16,7,7,July,2024
16:22:34,2024-07-07,BNB,4,2538,128,3654,2733,719.9338032081794,148930232.0,148930232.0,200000000.0,BNB,504.4939760077408,1000297972.0,75134404889.0,1.0018,0.951,0.87,0.7337,0.859,2.1581,16,7,7,July,2024
16:22:58,2024-07-07,BNB,4,2538,128,3654,2733,719.9338032081794,148930232.0,148930232.0,200000000.0,BNB,504.3143453929181,999984827.0,75107652460.0,1.0015,0.9507,0.8697,0.7335,0.8587,2.1573,16,7,7,July,2024
16:23:20,2024-07-07,BNB,4,2538,128,3654,2733,719.9338032081794,148930232.0,148930232.0,200000000.0,BNB,504.31242874103907,999793961.0,75107367012.0,1.0015,0.9507,0.8697,0.7335,0.8587,2.1573,16,7,7,July,2024
16:23:40,2024-07-07,BNB,4,2538,128,3654,2733,719.9338032081794,148930232.0,148930232.0,200000000.0,BNB,504.3127034724426,999671657.0,75107407928.0,1.0015,0.9507,0.8697,0.7335,0.8587,2.1573,16,7,7,July,2024
16:24:01,2024-07-07,BNB,4,2538,128,3655,2734,719.9338032081794,148930232.0,148930232.0,200000000.0,BNB,504.3872088960134,1000011354.0,75118504038.0,1.0016,0.9508,0.8698,0.7336,0.8588,2.1577,16,7,7,July,2024
16:24:23,2024-07-07,BNB,4,2538,128,3655,2734,719.9338032081794,148930232.0,148930232.0,200000000.0,BNB,504.38106842130895,999791075.0,75117589536.0,1.0016,0.9508,0.8698,0.7336,0.8588,2.1576,16,7,7,July,2024
16:24:49,2024-07-07,BNB,4,2538,128,3655,2734,719.9338032081794,148930232.0,148930232.0,200000000.0,BNB,504.3985558691977,999911004.0,75120193946.0,1.0016,0.9508,0.8698,0.7336,0.8588,2.1577,16,7,7,July,2024
16:25:12,2024-07-07,BNB,4,2538,128,3654,2733,719.9338032081794,148930232.0,148930232.0,200000000.0,BNB,504.6273104137856,1001475108.0,75154262413.0,1.0021,0.9513,0.8702,0.7339,0.8592,2.1587,16,7,7,July,2024
16:25:35,2024-07-07,BNB,4,2538,128,3654,2733,719.9338032081794,148930232.0,148930232.0,200000000.0,BNB,504.6273102880335,1001303455.0,75154262394.0,1.0021,0.9513,0.8702,0.7339,0.8592,2.1587,16,7,7,July,2024
16:25:57,2024-07-07,BNB,4,2538,128,3653,2732,719.9338032081794,148930232.0,148930232.0,200000000.0,BNB,504.77555358435376,1001742016.0,75176340303.0,1.0038,0.9499,0.8698,0.7325,0.8599,2.1582,16,7,7,July,2024
16:26:32,2024-07-07,BNB,4,2538,128,3653,2732,719.9338032081794,148930232.0,148930232.0,200000000.0,BNB,504.76917940913506,1001472849.0,75175390995.0,1.0038,0.9499,0.8698,0.7325,0.8599,2.1581,16,7,7,July,2024
16:26:56,2024-07-07,BNB,4,2538,128,3652,2731,719.9338032081794,148930232.0,148930232.0,200000000.0,BNB,504.8208029559356,1001712076.0,75183079302.0,1.0039,0.95,0.8699,0.7325,0.86,2.1583,16,7,7,July,2024
16:27:19,2024-07-07,BNB,4,2538,128,3652,2731,719.9338032081794,148930232.0,148930232.0,200000000.0,BNB,504.8208029559356,1001712076.0,75183079302.0,1.0039,0.95,0.8699,0.7325,0.86,2.1583,16,7,7,July,2024
16:27:55,2024-07-07,BNB,4,2538,128,3652,2731,719.9338032081794,148930232.0,148930232.0,200000000.0,BNB,504.8275322871137,1001742982.0,75184081503.0,1.0039,0.95,0.8699,0.7325,0.86,2.1584,16,7,7,July,2024
16:28:20,2024-07-07,BNB,4,2538,128,3652,2731,719.9338032081794,148930232.0,148930232.0,200000000.0,BNB,504.82322300293595,1001396043.0,75183439720.0,1.0039,0.95,0.8699,0.7325,0.86,2.1584,16,7,7,July,2024
16:28:41,2024-07-07,BNB,4,2538,128,3652,2731,719.9338032081794,148930232.0,148930232.0,200000000.0,BNB,504.8614294705195,1001555090.0,75189129818.0,1.004,0.95,0.8699,0.7326,0.8601,2.1585,16,7,7,July,2024
16:29:04,2024-07-07,BNB,4,2538,128,3652,2731,719.9338032081794,148930232.0,148930232.0,200000000.0,BNB,504.86142936687054,1001375537.0,75189129803.0,1.004,0.95,0.8699,0.7326,0.8601,2.1585,16,7,7,July,2024
16:29:37,2024-07-07,BNB,4,2538,128,3652,2731,719.9338032081794,148930232.0,148930232.0,200000000.0,BNB,504.8521659106795,1000971831.0,75187750194.0,1.004,0.95,0.8699,0.7326,0.8601,2.1585,16,7,7,July,2024
16:29:58,2024-07-07,BNB,4,2538,128,3651,2730,719.9338032081794,148930232.0,148930232.0,200000000.0,BNB,504.85710804038615,1000721967.0,75188486227.0,1.004,0.95,0.8699,0.7326,0.8601,2.1585,16,7,7,July,2024
16:30:40,2024-07-07,BNB,4,2538,128,3650,2729,719.9338032081794,148930232.0,148930232.0,200000000.0,BNB,504.8206281983272,1001237129.0,75183053275.0,1.0039,0.95,0.8699,0.7325,0.86,2.1583,16,7,7,July,2024
16:31:09,2024-07-07,BNB,4,2538,128,3650,2729,719.9338032081794,148930232.0,148930232.0,200000000.0,BNB,504.64539604664935,1000788081.0,75156955910.0,1.0049,0.9502,0.8689,0.7323,0.8599,2.1573,16,7,7,July,2024
16:31:34,2024-07-07,BNB,4,2538,128,3650,2729,719.9338032081794,148930232.0,148930232.0,200000000.0,BNB,504.6327176152826,1000474965.0,75155067709.0,1.0049,0.9501,0.8689,0.7323,0.8599,2.1572,16,7,7,July,2024
16:31:59,2024-07-07,BNB,4,2538,128,3650,2729,719.9338032081794,148930232.0,148930232.0,200000000.0,BNB,504.6354901672486,1000459390.0,75155480626.0,1.0049,0.9501,0.8689,0.7323,0.8599,2.1572,16,7,7,July,2024
16:32:23,2024-07-07,BNB,4,2538,128,3649,2728,719.9338032081794,148930232.0,148930232.0,200000000.0,BNB,504.6401067775803,1000241092.0,75156168178.0,1.0049,0.9501,0.8689,0.7323,0.8599,2.1572,16,7,7,July,2024
16:32:43,2024-07-07,BNB,4,2538,128,3649,2728,719.9338032081794,148930232.0,148930232.0,200000000.0,BNB,504.6401869543037,1000123697.0,75156180119.0,1.0049,0.9501,0.8689,0.7323,0.8599,2.1572,16,7,7,July,2024
16:33:13,2024-07-07,BNB,4,2538,128,3647,2726,719.9338032081794,148930232.0,148930232.0,200000000.0,BNB,504.65042664394275,1000239042.0,75157705118.0,1.0049,0.9502,0.8689,0.7323,0.8599,2.1573,16,7,7,July,2024
16:33:33,2024-07-07,BNB,4,2538,128,3646,2725,719.9338032081794,148930232.0,148930232.0,200000000.0,BNB,504.6504264483075,1000025736.0,75157705089.0,1.0049,0.9502,0.8689,0.7323,0.8599,2.1573,16,7,7,July,2024
16:33:55,2024-07-07,BNB,4,2538,128,3646,2725,719.9338032081794,148930232.0,148930232.0,200000000.0,BNB,504.70199900028416,1000317016.0,75165385801.0,1.005,0.9503,0.869,0.7324,0.86,2.1575,16,7,7,July,2024
16:34:15,2024-07-07,BNB,4,2538,128,3646,2725,719.9338032081794,148930232.0,148930232.0,200000000.0,BNB,504.70627390011913,1000053984.0,75166022463.0,1.005,0.9503,0.869,0.7324,0.86,2.1575,16,7,7,July,2024
16:34:41,2024-07-07,BNB,4,2538,128,3646,2725,719.9338032081794,148930232.0,148930232.0,200000000.0,BNB,504.70635620302386,1000002646.0,75166034721.0,1.005,0.9503,0.869,0.7324,0.86,2.1575,16,7,7,July,2024
16:35:02,2024-07-07,BNB,4,2538,128,3646,2725,719.9338032081794,148930232.0,148930232.0,200000000.0,BNB,504.6057731812065,1001128612.0,75151054868.0,1.0048,0.9501,0.8688,0.7323,0.8598,2.1571,16,7,7,July,2024
16:35:23,2024-07-07,BNB,4,2538,128,3646,2725,719.9338032081794,148930232.0,148930232.0,200000000.0,BNB,504.61718560787006,1000974502.0,75152754523.0,1.0041,0.9499,0.8687,0.7317,0.8599,2.1572,16,7,7,July,2024
16:35:49,2024-07-07,BNB,4,2538,128,3646,2725,719.9338032081794,148930232.0,148930232.0,200000000.0,BNB,504.5820773959449,1001007679.0,75147525849.0,1.004,0.9498,0.8686,0.7316,0.8598,2.1571,16,7,7,July,2024
16:36:11,2024-07-07,BNB,4,2538,128,3646,2725,719.9338032081794,148930232.0,148930232.0,200000000.0,BNB,504.569102450029,1000764038.0,75145593487.0,1.004,0.9498,0.8686,0.7316,0.8598,2.157,16,7,7,July,2024
16:36:33,2024-07-07,BNB,4,2538,128,3646,2725,719.9338032081794,148930232.0,148930232.0,200000000.0,BNB,504.5746774918006,1000584868.0,75146423780.0,1.004,0.9498,0.8686,0.7316,0.8598,2.157,16,7,7,July,2024
16:36:56,2024-07-07,BNB,4,2538,128,3645,2724,719.9338032081794,148930232.0,148930232.0,200000000.0,BNB,504.598399690333,1000698608.0,75149956732.0,1.0041,0.9498,0.8686,0.7317,0.8598,2.1571,16,7,7,July,2024
16:37:18,2024-07-07,BNB,4,2538,128,3645,2724,719.9338032081794,148930232.0,148930232.0,200000000.0,BNB,504.596931542279,1000522587.0,75149738081.0,1.0041,0.9498,0.8686,0.7317,0.8598,2.1571,16,7,7,July,2024
16:37:42,2024-07-07,BNB,4,2538,128,3645,2724,719.9338032081794,148930232.0,148930232.0,200000000.0,BNB,504.6691484436808,1000697725.0,75160493360.0,1.0042,0.95,0.8687,0.7318,0.86,2.1574,16,7,7,July,2024
16:38:08,2024-07-07,BNB,4,2538,128,3646,2724,719.9338032081794,148930232.0,148930232.0,200000000.0,BNB,504.6253134065413,1000471921.0,75153964998.0,1.0041,0.9499,0.8687,0.7317,0.8599,2.1573,16,7,7,July,2024
16:38:26,2024-07-07,BNB,4,2538,128,3646,2724,719.9338032081794,148930232.0,148930232.0,200000000.0,BNB,504.6372411140931,1000421512.0,75155741394.0,1.0041,0.9499,0.8687,0.7317,0.8599,2.1573,16,7,7,July,2024
16:38:48,2024-07-07,BNB,4,2538,128,3646,2724,719.9338032081794,148930232.0,148930232.0,200000000.0,BNB,504.6355583658658,1000289603.0,75155490782.0,1.0041,0.9499,0.8687,0.7317,0.8599,2.1573,16,7,7,July,2024
16:39:10,2024-07-07,BNB,4,2538,128,3646,2724,719.9338032081794,148930232.0,148930232.0,200000000.0,BNB,504.6337344326335,1000130912.0,75155219144.0,1.0041,0.9499,0.8687,0.7317,0.8599,2.1573,16,7,7,July,2024
16:39:32,2024-07-07,BNB,4,2538,128,3646,2724,719.9338032081794,148930232.0,148930232.0,200000000.0,BNB,504.6337342654264,999882300.0,75155219119.0,1.0041,0.9499,0.8687,0.7317,0.8599,2.1573,16,7,7,July,2024
16:39:57,2024-07-07,BNB,4,2538,128,3645,2723,719.9338032081794,148930232.0,148930232.0,200000000.0,BNB,504.64182261020045,1000324935.0,75156423718.0,1.0041,0.9499,0.8687,0.7317,0.8599,2.1573,16,7,7,July,2024
16:40:19,2024-07-07,BNB,4,2538,128,3645,2723,719.9338032081794,148930232.0,148930232.0,200000000.0,BNB,504.7455299201612,1001461059.0,75171868871.0,1.0044,0.9501,0.8689,0.7319,0.8601,2.1578,16,7,7,July,2024
16:40:40,2024-07-07,BNB,4,2538,128,3642,2720,719.9338032081794,148930232.0,148930232.0,200000000.0,BNB,504.7482658379926,1001322827.0,75172276332.0,1.0044,0.9501,0.8689,0.7319,0.8601,2.1578,16,7,7,July,2024
16:41:04,2024-07-07,BNB,4,2538,128,3642,2720,719.9338032081794,148930232.0,148930232.0,200000000.0,BNB,504.6948138775828,1001117892.0,75164315719.0,1.0041,0.9498,0.8691,0.7309,0.8601,2.1573,16,7,7,July,2024
16:41:30,2024-07-07,BNB,4,2538,128,3642,2720,719.9338032081794,148930232.0,148930232.0,200000000.0,BNB,504.69505053866936,1000879093.0,75164350965.0,1.0041,0.9498,0.8691,0.7309,0.8601,2.1573,16,7,7,July,2024
