Time,Date,Name,Rank,Age,Exchanges,Markets,Pairs,All_Time_High,Circulating_Supply,Total_Supply,Max_Supply,Code,Rate,Volume,Cap,Delta_Hour_Change,Delta_Day_Change,Delta_Week_Change,Delta_Month_Change,Delta_Quarter_Change,Delta_Year_Change,Hour,Day,Month_Number,Month_Name,Year
15:46:48,2024-07-06,BNB,4,2537,130,3769,2837,719.9338032081794,148930232.0,148930232.0,200000000.0,BNB,528.6764233395994,932429722.0,78735902380.0,1.0015,1.0641,0.9229,0.7512,0.9062,2.2498,15,6,7,July,2024
15:48:43,2024-07-06,BNB,4,2537,130,3768,2837,719.9338032081794,148930232.0,148930232.0,200000000.0,BNB,528.7059907600766,932473355.0,78740305863.0,1.0015,1.0642,0.923,0.7513,0.9062,2.2499,15,6,7,July,2024
17:34:00,2024-07-06,BNB,4,2537,131,3747,2819,719.9338032081794,148930232.0,148930232.0,200000000.0,BNB,529.945449328365,938967151.0,78924898715.0,0.9978,1.0708,0.9253,0.7525,0.907,2.2507,17,6,7,July,2024
17:36:10,2024-07-06,BNB,4,2537,131,3748,2820,719.9338032081794,148930232.0,148930232.0,200000000.0,BNB,529.8580981052197,938402700.0,78911889477.0,0.9974,1.069,0.9252,0.7528,0.9063,2.2502,17,6,7,July,2024
18:09:04,2024-07-06,BNB,4,2537,131,3739,2811,719.9338032081794,148930232.0,148930232.0,200000000.0,BNB,529.8580488527515,935784197.0,78911882142.0,0.9987,1.0694,0.9256,0.751,0.9105,2.2543,18,6,7,July,2024
18:11:17,2024-07-06,BNB,4,2537,131,3740,2811,719.9338032081794,148930232.0,148930232.0,200000000.0,BNB,529.9234075721396,935545142.0,78921616031.0,0.9972,1.0705,0.9254,0.7493,0.9095,2.2559,18,6,7,July,2024
00:54:02,2024-07-07,BNB,4,2538,131,3702,2775,719.9338032081794,148930232.0,148930232.0,200000000.0,BNB,513.8189604665782,949892563.0,76523176988.0,0.9863,1.022,0.9004,0.7261,0.8803,2.194,0,7,7,July,2024
01:04:07,2024-07-07,BNB,4,2538,131,3701,2775,719.9338032081794,148930232.0,148930232.0,200000000.0,BNB,513.5323034968405,949753490.0,76480485099.0,0.9858,1.0212,0.8994,0.7246,0.88,2.1906,1,7,7,July,2024
01:05:20,2024-07-07,BNB,4,2538,131,3701,2775,719.9338032081794,148930232.0,148930232.0,200000000.0,BNB,513.4719493545742,948916069.0,76471496542.0,0.9857,1.0211,0.8993,0.7246,0.8799,2.1903,1,7,7,July,2024
01:05:40,2024-07-07,BNB,4,2538,131,3701,2775,719.9338032081794,148930232.0,148930232.0,200000000.0,BNB,513.4687303052347,948810985.0,76471017129.0,0.9857,1.0211,0.8993,0.7245,0.8799,2.1903,1,7,7,July,2024
01:06:02,2024-07-07,BNB,4,2538,131,3701,2775,719.9338032081794,148930232.0,148930232.0,200000000.0,BNB,513.4616953936751,948550137.0,76469969418.0,0.9861,1.0221,0.8993,0.7248,0.8792,2.1903,1,7,7,July,2024
01:06:26,2024-07-07,BNB,4,2538,131,3701,2775,719.9338032081794,148930232.0,148930232.0,200000000.0,BNB,513.2441653038302,948604726.0,76437572611.0,0.9857,1.0216,0.899,0.7245,0.8788,2.1893,1,7,7,July,2024
01:06:48,2024-07-07,BNB,4,2538,131,3701,2775,719.9338032081794,148930232.0,148930232.0,200000000.0,BNB,511.8889368705371,948240776.0,76235738126.0,0.9831,1.0189,0.8966,0.7226,0.8765,2.1836,1,7,7,July,2024
01:07:12,2024-07-07,BNB,4,2538,131,3701,2775,719.9338032081794,148930232.0,148930232.0,200000000.0,BNB,511.56047701396744,950957286.0,76186820523.0,0.9825,1.0183,0.896,0.7221,0.8759,2.1822,1,7,7,July,2024
01:07:33,2024-07-07,BNB,4,2538,131,3702,2776,719.9338032081794,148930232.0,148930232.0,200000000.0,BNB,511.2238325685157,951212684.0,76136683988.0,0.9818,1.0176,0.8954,0.7216,0.8753,2.1807,1,7,7,July,2024
01:07:56,2024-07-07,BNB,4,2538,131,3702,2776,719.9338032081794,148930232.0,148930232.0,200000000.0,BNB,511.2238325542644,951601242.0,76136683986.0,0.9818,1.0176,0.8954,0.7216,0.8753,2.1807,1,7,7,July,2024
01:08:17,2024-07-07,BNB,4,2538,131,3702,2776,719.9338032081794,148930232.0,148930232.0,200000000.0,BNB,510.6036902078503,950355282.0,76044326042.0,0.9806,1.0164,0.8943,0.7207,0.8743,2.1781,1,7,7,July,2024
01:08:41,2024-07-07,BNB,4,2538,131,3702,2776,719.9338032081794,148930232.0,148930232.0,200000000.0,BNB,510.61389783985135,952241165.0,76045846267.0,0.9806,1.0164,0.8943,0.7208,0.8743,2.1781,1,7,7,July,2024
01:09:03,2024-07-07,BNB,4,2538,131,3702,2776,719.9338032081794,148930232.0,148930232.0,200000000.0,BNB,510.6780842181858,952345222.0,76055405559.0,0.9808,1.0165,0.8945,0.7209,0.8744,2.1784,1,7,7,July,2024
01:09:28,2024-07-07,BNB,4,2538,131,3702,2776,719.9338032081794,148930232.0,148930232.0,200000000.0,BNB,510.678078354577,953130861.0,76055404686.0,0.9808,1.0165,0.8945,0.7209,0.8744,2.1784,1,7,7,July,2024
01:10:01,2024-07-07,BNB,4,2538,131,3702,2776,719.9338032081794,148930232.0,148930232.0,200000000.0,BNB,510.68155015231554,954002390.0,76055921742.0,0.9808,1.0165,0.8945,0.7209,0.8744,2.1784,1,7,7,July,2024
01:11:16,2024-07-07,BNB,4,2538,131,3702,2776,719.9338032081794,148930232.0,148930232.0,200000000.0,BNB,510.9077497658416,956635389.0,76089609703.0,0.9832,1.0165,0.8949,0.7215,0.874,2.1812,1,7,7,July,2024
01:11:41,2024-07-07,BNB,4,2538,131,3702,2776,719.9338032081794,148930232.0,148930232.0,200000000.0,BNB,510.721438568121,961841941.0,76061862333.0,0.9829,1.0162,0.8946,0.7212,0.8737,2.1804,1,7,7,July,2024
01:11:58,2024-07-07,BNB,4,2538,131,3703,2777,719.9338032081794,148930232.0,148930232.0,200000000.0,BNB,510.7102367177142,961716800.0,76060194039.0,0.9828,1.0161,0.8946,0.7212,0.8737,2.1803,1,7,7,July,2024
01:12:22,2024-07-07,BNB,4,2538,131,3703,2777,719.9338032081794,148930232.0,148930232.0,200000000.0,BNB,510.75653622078255,962276610.0,76067089434.0,0.9829,1.0162,0.8946,0.7213,0.8737,2.1805,1,7,7,July,2024
01:12:46,2024-07-07,BNB,4,2538,131,3703,2777,719.9338032081794,148930232.0,148930232.0,200000000.0,BNB,510.7584727173925,962747987.0,76067377837.0,0.9829,1.0162,0.8946,0.7213,0.8737,2.1805,1,7,7,July,2024
01:13:13,2024-07-07,BNB,4,2538,131,3703,2777,719.9338032081794,148930232.0,148930232.0,200000000.0,BNB,510.97795115947696,963496469.0,76100064813.0,0.9834,1.0167,0.895,0.7216,0.8741,2.1815,1,7,7,July,2024
01:13:56,2024-07-07,BNB,4,2538,131,3703,2777,719.9338032081794,148930232.0,148930232.0,200000000.0,BNB,510.9912640099439,963750329.0,76102047498.0,0.9834,1.0167,0.8951,0.7216,0.8741,2.1815,1,7,7,July,2024
01:14:19,2024-07-07,BNB,4,2538,131,3703,2777,719.9338032081794,148930232.0,148930232.0,200000000.0,BNB,511.2106648253716,964203118.0,76134722913.0,0.9838,1.0171,0.8954,0.7219,0.8745,2.1825,1,7,7,July,2024
01:14:40,2024-07-07,BNB,4,2538,131,3703,2777,719.9338032081794,148930232.0,148930232.0,200000000.0,BNB,511.21230913593297,964326597.0,76134967800.0,0.9838,1.0171,0.8954,0.7219,0.8745,2.1825,1,7,7,July,2024
01:15:02,2024-07-07,BNB,4,2538,131,3703,2777,719.9338032081794,148930232.0,148930232.0,200000000.0,BNB,511.1961799653509,964103454.0,76132565679.0,0.9838,1.0171,0.8954,0.7219,0.8745,2.1824,1,7,7,July,2024
01:16:35,2024-07-07,BNB,4,2538,131,3703,2777,719.9338032081794,148930232.0,148930232.0,200000000.0,BNB,512.035594111143,968660899.0,76257579823.0,0.9858,1.0189,0.897,0.7237,0.8739,2.1854,1,7,7,July,2024
01:16:56,2024-07-07,BNB,4,2538,131,3703,2777,719.9338032081794,148930232.0,148930232.0,200000000.0,BNB,512.0381963447425,968546186.0,76257967374.0,0.9858,1.0189,0.897,0.7237,0.8739,2.1854,1,7,7,July,2024
01:17:20,2024-07-07,BNB,4,2538,131,3703,2777,719.9338032081794,148930232.0,148930232.0,200000000.0,BNB,512.145565351984,969025365.0,76273957865.0,0.986,1.0191,0.8972,0.7238,0.8741,2.1858,1,7,7,July,2024
01:17:43,2024-07-07,BNB,4,2538,131,3703,2777,719.9338032081794,148930232.0,148930232.0,200000000.0,BNB,512.1629280134092,969033609.0,76276543690.0,0.9861,1.0192,0.8973,0.7239,0.8741,2.1859,1,7,7,July,2024
01:18:24,2024-07-07,BNB,4,2538,131,3703,2777,719.9338032081794,148930232.0,148930232.0,200000000.0,BNB,512.078121818515,969067135.0,76263913484.0,0.9859,1.019,0.8971,0.7238,0.874,2.1855,1,7,7,July,2024
01:20:01,2024-07-07,BNB,4,2538,131,3702,2776,719.9338032081794,148930232.0,148930232.0,200000000.0,BNB,512.2314470544969,969288506.0,76286748247.0,0.9862,1.0193,0.8974,0.724,0.8743,2.1862,1,7,7,July,2024
01:30:06,2024-07-07,BNB,4,2538,131,3702,2776,719.9338032081794,148930232.0,148930232.0,200000000.0,BNB,512.2314470544969,969288506.0,76286748247.0,0.9862,1.0193,0.8974,0.724,0.8743,2.1862,1,7,7,July,2024
01:30:38,2024-07-07,BNB,4,2538,131,3703,2777,719.9338032081794,148930232.0,148930232.0,200000000.0,BNB,513.7373521407953,975200275.0,76511023041.0,0.9884,1.0205,0.9005,0.7256,0.8763,2.1919,1,7,7,July,2024
01:30:59,2024-07-07,BNB,4,2538,131,3703,2777,719.9338032081794,148930232.0,148930232.0,200000000.0,BNB,513.7373521407953,975200275.0,76511023041.0,0.9884,1.0205,0.9005,0.7256,0.8763,2.1919,1,7,7,July,2024
01:31:21,2024-07-07,BNB,4,2538,131,3703,2777,719.9338032081794,148930232.0,148930232.0,200000000.0,BNB,513.7224914097918,975020217.0,76508809829.0,0.9886,1.0189,0.9005,0.7258,0.8781,2.1934,1,7,7,July,2024
01:31:55,2024-07-07,BNB,4,2538,131,3703,2777,719.9338032081794,148930232.0,148930232.0,200000000.0,BNB,513.5132078460506,975918708.0,76477641179.0,0.9882,1.0185,0.9001,0.7255,0.8777,2.1925,1,7,7,July,2024
01:32:37,2024-07-07,BNB,4,2538,131,3703,2777,719.9338032081794,148930232.0,148930232.0,200000000.0,BNB,513.5529715991581,976244289.0,76483563204.0,0.9883,1.0186,0.9002,0.7256,0.8778,2.1927,1,7,7,July,2024
01:44:39,2024-07-07,BNB,4,2538,131,3706,2780,719.9338032081794,148930232.0,148930232.0,200000000.0,BNB,513.7837978886778,981480623.0,76517940217.0,0.9949,1.0181,0.8995,0.7248,0.8774,2.1937,1,7,7,July,2024
01:44:47,2024-07-07,BNB,4,2538,131,3705,2779,719.9338032081794,148930232.0,148930232.0,200000000.0,BNB,513.8622641530521,981738239.0,76529626216.0,0.995,1.0183,0.8997,0.7249,0.8775,2.194,1,7,7,July,2024
01:44:56,2024-07-07,BNB,4,2538,131,3705,2779,719.9338032081794,148930232.0,148930232.0,200000000.0,BNB,513.8574611893912,981500080.0,76528910909.0,0.995,1.0183,0.8997,0.7249,0.8775,2.194,1,7,7,July,2024
01:46:34,2024-07-07,BNB,4,2538,131,3706,2780,719.9338032081794,148930232.0,148930232.0,200000000.0,BNB,513.6732858181427,982514759.0,76501481629.0,0.9985,1.019,0.8993,0.7233,0.8765,2.1924,1,7,7,July,2024
01:46:57,2024-07-07,BNB,4,2538,131,3706,2780,719.9338032081794,148930232.0,148930232.0,200000000.0,BNB,513.673285654349,982378697.0,76501481604.0,0.9985,1.019,0.8993,0.7233,0.8765,2.1924,1,7,7,July,2024
01:47:20,2024-07-07,BNB,4,2538,131,3706,2780,719.9338032081794,148930232.0,148930232.0,200000000.0,BNB,513.5831817369084,982299788.0,76488062407.0,0.9983,1.0188,0.8991,0.7231,0.8763,2.192,1,7,7,July,2024
01:47:40,2024-07-07,BNB,4,2538,131,3706,2780,719.9338032081794,148930232.0,148930232.0,200000000.0,BNB,513.5824482921196,982223401.0,76487953175.0,0.9983,1.0188,0.8991,0.7231,0.8763,2.192,1,7,7,July,2024
01:48:12,2024-07-07,BNB,4,2538,131,3706,2780,719.9338032081794,148930232.0,148930232.0,200000000.0,BNB,513.5885082928526,982100097.0,76488855692.0,0.9983,1.0188,0.8991,0.7231,0.8763,2.192,1,7,7,July,2024
01:49:51,2024-07-07,BNB,4,2538,131,3704,2778,719.9338032081794,148930232.0,148930232.0,200000000.0,BNB,513.5677940953735,981734999.0,76485770722.0,0.9983,1.0188,0.8991,0.7231,0.8763,2.1919,1,7,7,July,2024
01:50:15,2024-07-07,BNB,4,2538,131,3704,2778,719.9338032081794,148930232.0,148930232.0,200000000.0,BNB,513.4872888771141,981614673.0,76473781061.0,0.9981,1.0186,0.899,0.723,0.8762,2.1916,1,7,7,July,2024
01:50:36,2024-07-07,BNB,4,2538,131,3704,2778,719.9338032081794,148930232.0,148930232.0,200000000.0,BNB,513.4810262041716,981588498.0,76472848360.0,0.9981,1.0186,0.8989,0.723,0.8761,2.1916,1,7,7,July,2024
01:50:59,2024-07-07,BNB,4,2538,131,3704,2778,719.9338032081794,148930232.0,148930232.0,200000000.0,BNB,513.5983303463402,981577031.0,76490318493.0,0.9983,1.0189,0.8992,0.7231,0.8763,2.1921,1,7,7,July,2024
01:51:21,2024-07-07,BNB,4,2538,131,3704,2778,719.9338032081794,148930232.0,148930232.0,200000000.0,BNB,513.8410306563288,983880421.0,76526463906.0,0.9986,1.0196,0.8996,0.7239,0.8762,2.1947,1,7,7,July,2024
01:51:43,2024-07-07,BNB,4,2538,131,3704,2778,719.9338032081794,148930232.0,148930232.0,200000000.0,BNB,513.8524048824497,983752958.0,76528157872.0,0.9986,1.0196,0.8996,0.7239,0.8762,2.1947,1,7,7,July,2024
01:52:03,2024-07-07,BNB,4,2538,131,3704,2778,719.9338032081794,148930232.0,148930232.0,200000000.0,BNB,513.8745679564435,983695064.0,76531458624.0,0.9987,1.0197,0.8997,0.724,0.8763,2.1948,1,7,7,July,2024
01:52:31,2024-07-07,BNB,4,2538,131,3704,2778,719.9338032081794,148930232.0,148930232.0,200000000.0,BNB,513.8654517745808,983936695.0,76530100949.0,0.9987,1.0196,0.8996,0.7239,0.8762,2.1948,1,7,7,July,2024
01:53:05,2024-07-07,BNB,4,2538,131,3704,2778,719.9338032081794,148930232.0,148930232.0,200000000.0,BNB,513.804434606512,983553034.0,76521013648.0,0.9985,1.0195,0.8995,0.7239,0.8761,2.1945,1,7,7,July,2024
01:53:53,2024-07-07,BNB,4,2538,131,3704,2778,719.9338032081794,148930232.0,148930232.0,200000000.0,BNB,513.8044449839801,983842242.0,76521015194.0,0.9985,1.0195,0.8995,0.7239,0.8761,2.1945,1,7,7,July,2024
01:55:13,2024-07-07,BNB,4,2538,131,3704,2778,719.9338032081794,148930232.0,148930232.0,200000000.0,BNB,513.7488461861342,983402302.0,76512734852.0,0.9984,1.0194,0.8994,0.7238,0.876,2.1943,1,7,7,July,2024
01:55:47,2024-07-07,BNB,4,2538,131,3704,2778,719.9338032081794,148930232.0,148930232.0,200000000.0,BNB,513.7314117613704,983403594.0,76510138339.0,0.9999,1.0187,0.899,0.7235,0.8753,2.1935,1,7,7,July,2024
01:56:10,2024-07-07,BNB,4,2538,131,3704,2778,719.9338032081794,148930232.0,148930232.0,200000000.0,BNB,513.773445628022,983367811.0,76516398452.0,1.0,1.0188,0.8991,0.7235,0.8754,2.1937,1,7,7,July,2024
01:56:31,2024-07-07,BNB,4,2538,131,3704,2778,719.9338032081794,148930232.0,148930232.0,200000000.0,BNB,513.4031278206392,984344807.0,76461246935.0,0.9992,1.018,0.8984,0.723,0.8747,2.1921,1,7,7,July,2024
01:56:54,2024-07-07,BNB,4,2538,131,3704,2778,719.9338032081794,148930232.0,148930232.0,200000000.0,BNB,513.3918284741857,984137953.0,76459564121.0,0.9992,1.018,0.8984,0.723,0.8747,2.192,1,7,7,July,2024
01:57:18,2024-07-07,BNB,4,2538,131,3704,2778,719.9338032081794,148930232.0,148930232.0,200000000.0,BNB,513.2916691707601,984145914.0,76444647373.0,0.999,1.0178,0.8982,0.7228,0.8746,2.1916,1,7,7,July,2024
01:57:42,2024-07-07,BNB,4,2538,131,3704,2778,719.9338032081794,148930232.0,148930232.0,200000000.0,BNB,513.2819294532825,983993924.0,76443196834.0,0.999,1.0178,0.8982,0.7228,0.8745,2.1916,1,7,7,July,2024
01:58:04,2024-07-07,BNB,4,2538,131,3704,2778,719.9338032081794,148930232.0,148930232.0,200000000.0,BNB,513.3235170934169,983891697.0,76449390491.0,0.9991,1.0179,0.8983,0.7229,0.8746,2.1917,1,7,7,July,2024
01:58:25,2024-07-07,BNB,4,2538,131,3703,2777,719.9338032081794,148930232.0,148930232.0,200000000.0,BNB,513.3242976292922,984139061.0,76449506737.0,0.9991,1.0179,0.8983,0.7229,0.8746,2.1917,1,7,7,July,2024
01:58:46,2024-07-07,BNB,4,2538,131,3703,2777,719.9338032081794,148930232.0,148930232.0,200000000.0,BNB,513.3349335735763,984012265.0,76451090750.0,0.9991,1.0179,0.8983,0.7229,0.8746,2.1918,1,7,7,July,2024
01:59:07,2024-07-07,BNB,4,2538,131,3703,2777,719.9338032081794,148930232.0,148930232.0,200000000.0,BNB,513.3349336314129,983940333.0,76451090759.0,0.9991,1.0179,0.8983,0.7229,0.8746,2.1918,1,7,7,July,2024
01:59:27,2024-07-07,BNB,4,2538,131,3702,2776,719.9338032081794,148930232.0,148930232.0,200000000.0,BNB,513.3942301483859,984117480.0,76459921803.0,0.9992,1.018,0.8984,0.723,0.8747,2.192,1,7,7,July,2024
01:59:59,2024-07-07,BNB,4,2538,131,3706,2780,719.9338032081794,148930232.0,148930232.0,200000000.0,BNB,513.3931869371478,983912357.0,76459766437.0,0.9992,1.018,0.8984,0.723,0.8747,2.192,1,7,7,July,2024
02:00:24,2024-07-07,BNB,4,2538,131,3706,2780,719.9338032081794,148930232.0,148930232.0,200000000.0,BNB,513.4343888511927,983999463.0,76465902648.0,0.9993,1.0181,0.8985,0.723,0.8748,2.1922,2,7,7,July,2024
02:00:49,2024-07-07,BNB,4,2538,131,3707,2781,719.9338032081794,148930232.0,148930232.0,200000000.0,BNB,513.437264588933,981746941.0,76466330932.0,0.9996,1.0182,0.8979,0.7229,0.8752,2.1912,2,7,7,July,2024
02:01:12,2024-07-07,BNB,4,2538,131,3707,2781,719.9338032081794,148930232.0,148930232.0,200000000.0,BNB,513.4304860016998,981758739.0,76465321396.0,0.9996,1.0182,0.8979,0.7229,0.8752,2.1912,2,7,7,July,2024
11:27:49,2024-07-07,BNB,4,2538,128,3663,2740,719.9338032081794,148930232.0,148930232.0,200000000.0,BNB,501.5981227245139,1065258164.0,74703124788.0,1.0095,0.965,0.8671,0.7099,0.8546,2.1359,11,7,7,July,2024
11:28:08,2024-07-07,BNB,4,2538,128,3663,2740,719.9338032081794,148930232.0,148930232.0,200000000.0,BNB,501.5981225717969,1065158392.0,74703124765.0,1.0095,0.965,0.8671,0.7099,0.8546,2.1359,11,7,7,July,2024
11:28:34,2024-07-07,BNB,4,2538,128,3663,2740,719.9338032081794,148930232.0,148930232.0,200000000.0,BNB,501.7258013170693,1065346703.0,74722139990.0,1.0097,0.9652,0.8673,0.7101,0.8548,2.1364,11,7,7,July,2024
11:28:58,2024-07-07,BNB,4,2538,128,3661,2738,719.9338032081794,148930232.0,148930232.0,200000000.0,BNB,501.7243280008046,1065564650.0,74721920569.0,1.0097,0.9652,0.8673,0.7101,0.8548,2.1364,11,7,7,July,2024
11:30:31,2024-07-07,BNB,4,2538,128,3660,2738,719.9338032081794,148930232.0,148930232.0,200000000.0,BNB,501.90512310463305,1065842650.0,74748846425.0,1.0101,0.9656,0.8676,0.7104,0.8552,2.1372,11,7,7,July,2024
11:30:56,2024-07-07,BNB,4,2538,128,3660,2738,719.9338032081794,148930232.0,148930232.0,200000000.0,BNB,501.89512618407156,1065635177.0,74747357582.0,1.01,0.9656,0.8676,0.7104,0.8551,2.1371,11,7,7,July,2024
11:31:16,2024-07-07,BNB,4,2538,128,3661,2739,719.9338032081794,148930232.0,148930232.0,200000000.0,BNB,501.65334391819414,1064965038.0,74711348893.0,1.008,0.9648,0.8678,0.7112,0.8559,2.1391,11,7,7,July,2024
11:31:39,2024-07-07,BNB,4,2538,128,3661,2739,719.9338032081794,148930232.0,148930232.0,200000000.0,BNB,501.77611920825404,1066502935.0,74729633845.0,1.0082,0.9651,0.868,0.7114,0.8561,2.1396,11,7,7,July,2024
11:32:01,2024-07-07,BNB,4,2538,128,3662,2740,719.9338032081794,148930232.0,148930232.0,200000000.0,BNB,501.77424991480046,1066211816.0,74729355451.0,1.0082,0.9651,0.868,0.7114,0.8561,2.1396,11,7,7,July,2024
11:32:24,2024-07-07,BNB,4,2538,128,3661,2739,719.9338032081794,148930232.0,148930232.0,200000000.0,BNB,501.7762660686216,1065703329.0,74729655717.0,1.0082,0.9651,0.868,0.7114,0.8561,2.1396,11,7,7,July,2024
11:32:47,2024-07-07,BNB,4,2538,128,3661,2739,719.9338032081794,148930232.0,148930232.0,200000000.0,BNB,501.76652729035465,1065366897.0,74728205319.0,1.0082,0.965,0.868,0.7114,0.8561,2.1396,11,7,7,July,2024
11:33:07,2024-07-07,BNB,4,2538,128,3661,2739,719.9338032081794,148930232.0,148930232.0,200000000.0,BNB,501.7665269869632,1065124297.0,74728205274.0,1.0082,0.965,0.868,0.7114,0.8561,2.1396,11,7,7,July,2024
11:33:32,2024-07-07,BNB,4,2538,128,3661,2739,719.9338032081794,148930232.0,148930232.0,200000000.0,BNB,501.60013552636696,1064334195.0,74703424555.0,1.0079,0.9647,0.8677,0.7111,0.8558,2.1388,11,7,7,July,2024
11:33:51,2024-07-07,BNB,4,2538,128,3661,2739,719.9338032081794,148930232.0,148930232.0,200000000.0,BNB,501.6001352261566,1064266089.0,74703424510.0,1.0079,0.9647,0.8677,0.7111,0.8558,2.1388,11,7,7,July,2024
11:34:12,2024-07-07,BNB,4,2538,128,3661,2739,719.9338032081794,148930232.0,148930232.0,200000000.0,BNB,501.58884490350846,1064017479.0,74701743040.0,1.0079,0.9647,0.8677,0.7111,0.8558,2.1388,11,7,7,July,2024
11:34:38,2024-07-07,BNB,4,2538,128,3661,2739,719.9338032081794,148930232.0,148930232.0,200000000.0,BNB,501.5319422082283,1063632815.0,74693268508.0,1.0077,0.9646,0.8676,0.711,0.8557,2.1386,11,7,7,July,2024
11:34:59,2024-07-07,BNB,4,2538,128,3661,2739,719.9338032081794,148930232.0,148930232.0,200000000.0,BNB,501.5122552551211,1063411194.0,74690336525.0,1.0077,0.9645,0.8676,0.711,0.8557,2.1385,11,7,7,July,2024
11:35:21,2024-07-07,BNB,4,2538,128,3661,2739,719.9338032081794,148930232.0,148930232.0,200000000.0,BNB,501.59720832298444,1063290229.0,74702988606.0,1.0041,0.9617,0.8674,0.7116,0.8551,2.1342,11,7,7,July,2024
11:35:42,2024-07-07,BNB,4,2538,128,3661,2739,719.9338032081794,148930232.0,148930232.0,200000000.0,BNB,501.4880566666466,1062832370.0,74686732624.0,1.0038,0.9615,0.8672,0.7114,0.8549,2.1337,11,7,7,July,2024
11:36:04,2024-07-07,BNB,4,2538,128,3661,2739,719.9338032081794,148930232.0,148930232.0,200000000.0,BNB,501.4745597955452,1061632996.0,74684722532.0,1.0038,0.9615,0.8672,0.7114,0.8549,2.1337,11,7,7,July,2024
11:36:24,2024-07-07,BNB,4,2538,128,3660,2738,719.9338032081794,148930232.0,148930232.0,200000000.0,BNB,501.38701618998874,1061265478.0,74671684642.0,1.0036,0.9613,0.867,0.7113,0.8548,2.1333,11,7,7,July,2024
11:36:47,2024-07-07,BNB,4,2538,128,3661,2739,719.9338032081794,148930232.0,148930232.0,200000000.0,BNB,500.76361302290354,1059288680.0,74578841064.0,1.0024,0.9601,0.866,0.7104,0.8537,2.1307,11,7,7,July,2024
11:37:10,2024-07-07,BNB,4,2538,128,3661,2739,719.9338032081794,148930232.0,148930232.0,200000000.0,BNB,500.75312139418776,1059068363.0,74577278543.0,1.0024,0.9601,0.8659,0.7104,0.8537,2.1306,11,7,7,July,2024
11:37:35,2024-07-07,BNB,4,2538,128,3661,2739,719.9338032081794,148930232.0,148930232.0,200000000.0,BNB,500.6363895369752,1058578040.0,74559893641.0,1.0021,0.9599,0.8657,0.7102,0.8535,2.1301,11,7,7,July,2024
11:37:58,2024-07-07,BNB,4,2538,128,3661,2739,719.9338032081794,148930232.0,148930232.0,200000000.0,BNB,500.6372830475364,1058233808.0,74560026712.0,1.0021,0.9599,0.8657,0.7102,0.8535,2.1301,11,7,7,July,2024
11:38:25,2024-07-07,BNB,4,2538,128,3661,2739,719.9338032081794,148930232.0,148930232.0,200000000.0,BNB,500.6636127934531,1058182964.0,74563948007.0,1.0022,0.9599,0.8658,0.7103,0.8535,2.1302,11,7,7,July,2024
11:39:13,2024-07-07,BNB,4,2538,128,3661,2739,719.9338032081794,148930232.0,148930232.0,200000000.0,BNB,500.65945855346837,1058042034.0,74563329315.0,1.0022,0.9599,0.8658,0.7103,0.8535,2.1302,11,7,7,July,2024
11:40:23,2024-07-07,BNB,4,2538,128,3662,2740,719.9338032081794,148930232.0,148930232.0,200000000.0,BNB,500.7843028496101,1057952575.0,74581922405.0,1.0024,0.9602,0.866,0.7104,0.8537,2.1307,11,7,7,July,2024
11:40:47,2024-07-07,BNB,4,2538,128,3662,2740,719.9338032081794,148930232.0,148930232.0,200000000.0,BNB,500.82358802688464,1057973834.0,74587773155.0,1.0028,0.9594,0.8654,0.7115,0.8532,2.1308,11,7,7,July,2024
11:41:09,2024-07-07,BNB,4,2538,128,3662,2740,719.9338032081794,148930232.0,148930232.0,200000000.0,BNB,500.8148060339723,1057831387.0,74586465251.0,1.0027,0.9594,0.8654,0.7115,0.8532,2.1308,11,7,7,July,2024
11:41:30,2024-07-07,BNB,4,2538,128,3662,2740,719.9338032081794,148930232.0,148930232.0,200000000.0,BNB,500.75339087002243,1057492121.0,74577318677.0,1.0026,0.9593,0.8653,0.7114,0.8531,2.1305,11,7,7,July,2024
11:41:50,2024-07-07,BNB,4,2538,128,3662,2740,719.9338032081794,148930232.0,148930232.0,200000000.0,BNB,501.02944859812044,1058247065.0,74618432018.0,1.0032,0.9598,0.8658,0.7118,0.8535,2.1317,11,7,7,July,2024
11:42:14,2024-07-07,BNB,4,2538,128,3662,2740,719.9338032081794,148930232.0,148930232.0,200000000.0,BNB,501.09909789718,1058201785.0,74628804904.0,1.0033,0.9599,0.8659,0.7119,0.8537,2.132,11,7,7,July,2024
11:42:38,2024-07-07,BNB,4,2538,128,3662,2740,719.9338032081794,148930232.0,148930232.0,200000000.0,BNB,501.14446049486816,1058063781.0,74635560767.0,1.0034,0.96,0.866,0.712,0.8537,2.1322,11,7,7,July,2024
11:43:23,2024-07-07,BNB,4,2538,128,3661,2740,719.9338032081794,148930232.0,148930232.0,200000000.0,BNB,501.1377095025804,1057621471.0,74634555340.0,1.0034,0.96,0.866,0.712,0.8537,2.1322,11,7,7,July,2024
11:44:29,2024-07-07,BNB,4,2538,128,3662,2741,719.9338032081794,148930232.0,148930232.0,200000000.0,BNB,501.32320855205546,1057516707.0,74662181756.0,1.0038,0.9604,0.8663,0.7123,0.854,2.1329,11,7,7,July,2024
11:44:51,2024-07-07,BNB,4,2538,128,3662,2741,719.9338032081794,148930232.0,148930232.0,200000000.0,BNB,501.358620496787,1057464984.0,74667455665.0,1.0038,0.9604,0.8663,0.7123,0.8541,2.1331,11,7,7,July,2024
11:45:13,2024-07-07,BNB,4,2538,128,3662,2741,719.9338032081794,148930232.0,148930232.0,200000000.0,BNB,501.35862052773524,1057302462.0,74667455670.0,1.0038,0.9604,0.8663,0.7123,0.8541,2.1331,11,7,7,July,2024
11:45:34,2024-07-07,BNB,4,2538,128,3661,2740,719.9338032081794,148930232.0,148930232.0,200000000.0,BNB,501.23253572399574,1056613880.0,74648677831.0,1.0036,0.9602,0.8661,0.7121,0.8539,2.1326,11,7,7,July,2024
11:45:56,2024-07-07,BNB,4,2538,128,3661,2740,719.9338032081794,148930232.0,148930232.0,200000000.0,BNB,501.23068873881056,1056277793.0,74648402759.0,1.0036,0.9602,0.8661,0.7121,0.8539,2.1326,11,7,7,July,2024
11:46:19,2024-07-07,BNB,4,2538,128,3660,2739,719.9338032081794,148930232.0,148930232.0,200000000.0,BNB,501.03182822251017,1055573171.0,74618786416.0,1.006,0.9595,0.8652,0.7131,0.8542,2.1335,11,7,7,July,2024
11:46:39,2024-07-07,BNB,4,2538,128,3660,2739,719.9338032081794,148930232.0,148930232.0,200000000.0,BNB,500.6386598384217,1053781749.0,74560231757.0,1.0053,0.9588,0.8645,0.7125,0.8536,2.1318,11,7,7,July,2024
11:47:01,2024-07-07,BNB,4,2538,128,3661,2739,719.9338032081794,148930232.0,148930232.0,200000000.0,BNB,500.48464346051065,1053528061.0,74537294063.0,1.005,0.9585,0.8642,0.7123,0.8533,2.1312,11,7,7,July,2024
11:47:24,2024-07-07,BNB,4,2538,128,3661,2739,719.9338032081794,148930232.0,148930232.0,200000000.0,BNB,500.48665808762047,1053409715.0,74537594101.0,1.005,0.9585,0.8642,0.7123,0.8533,2.1312,11,7,7,July,2024
11:47:46,2024-07-07,BNB,4,2538,128,3661,2739,719.9338032081794,148930232.0,148930232.0,200000000.0,BNB,500.4866578963546,1053756039.0,74537594073.0,1.005,0.9585,0.8642,0.7123,0.8533,2.1312,11,7,7,July,2024
11:48:23,2024-07-07,BNB,4,2538,128,3661,2739,719.9338032081794,148930232.0,148930232.0,200000000.0,BNB,500.4246097156832,1053511404.0,74528353223.0,1.0048,0.9583,0.8641,0.7122,0.8532,2.1309,11,7,7,July,2024
11:48:48,2024-07-07,BNB,4,2538,128,3661,2739,719.9338032081794,148930232.0,148930232.0,200000000.0,BNB,500.39650966108525,1053706346.0,74524168275.0,1.0048,0.9583,0.8641,0.7122,0.8532,2.1308,11,7,7,July,2024
11:49:08,2024-07-07,BNB,4,2538,128,3661,2739,719.9338032081794,148930232.0,148930232.0,200000000.0,BNB,500.40363619268544,1053570994.0,74525229631.0,1.0048,0.9583,0.8641,0.7122,0.8532,2.1308,11,7,7,July,2024
11:49:43,2024-07-07,BNB,4,2538,128,3661,2739,719.9338032081794,148930232.0,148930232.0,200000000.0,BNB,500.5113388913273,1053437602.0,74541269819.0,1.005,0.9585,0.8643,0.7123,0.8534,2.1313,11,7,7,July,2024
11:50:20,2024-07-07,BNB,4,2538,128,3661,2739,719.9338032081794,148930232.0,148930232.0,200000000.0,BNB,500.3030316370394,1052705615.0,74510246572.0,1.0046,0.9581,0.8639,0.712,0.853,2.1304,11,7,7,July,2024
11:51:41,2024-07-07,BNB,4,2538,128,3662,2740,719.9338032081794,148930232.0,148930232.0,200000000.0,BNB,499.26387862102666,1052241964.0,74355485272.0,1.0033,0.9548,0.8624,0.709,0.8505,2.1248,11,7,7,July,2024
11:52:04,2024-07-07,BNB,4,2538,128,3662,2740,719.9338032081794,148930232.0,148930232.0,200000000.0,BNB,499.2540322491662,1052220734.0,74354018849.0,1.0033,0.9548,0.8624,0.709,0.8505,2.1248,11,7,7,July,2024
11:52:38,2024-07-07,BNB,4,2538,128,3661,2739,719.9338032081794,148930232.0,148930232.0,200000000.0,BNB,499.1364610217958,1051753252.0,74336508939.0,1.003,0.9546,0.8622,0.7088,0.8503,2.1243,11,7,7,July,2024
11:53:18,2024-07-07,BNB,4,2538,128,3661,2739,719.9338032081794,148930232.0,148930232.0,200000000.0,BNB,499.1469471599673,1051648513.0,74338070642.0,1.0031,0.9546,0.8622,0.7089,0.8503,2.1243,11,7,7,July,2024
11:54:26,2024-07-07,BNB,4,2538,128,3661,2739,719.9338032081794,148930232.0,148930232.0,200000000.0,BNB,499.18175219851895,1050754656.0,74343254165.0,1.0031,0.9546,0.8623,0.7089,0.8504,2.1245,11,7,7,July,2024
11:54:48,2024-07-07,BNB,4,2538,128,3661,2739,719.9338032081794,148930232.0,148930232.0,200000000.0,BNB,499.0873981840127,1050282278.0,74329201999.0,1.0029,0.9545,0.8621,0.7088,0.8502,2.1241,11,7,7,July,2024
11:55:12,2024-07-07,BNB,4,2538,128,3661,2739,719.9338032081794,148930232.0,148930232.0,200000000.0,BNB,499.1456074753392,1050137017.0,74337871123.0,1.0031,0.9546,0.8622,0.7089,0.8503,2.1243,11,7,7,July,2024
11:55:36,2024-07-07,BNB,4,2538,128,3661,2739,719.9338032081794,148930232.0,148930232.0,200000000.0,BNB,499.1457801688012,1049745621.0,74337896842.0,1.0044,0.955,0.8625,0.7085,0.8501,2.1232,11,7,7,July,2024
11:55:59,2024-07-07,BNB,4,2538,128,3660,2738,719.9338032081794,148930232.0,148930232.0,200000000.0,BNB,499.1602042651036,1049987802.0,74340045026.0,1.0044,0.955,0.8625,0.7085,0.8501,2.1233,11,7,7,July,2024
11:56:21,2024-07-07,BNB,4,2538,128,3660,2738,719.9338032081794,148930232.0,148930232.0,200000000.0,BNB,499.3121856343573,1050083978.0,74362679646.0,1.0047,0.9553,0.8628,0.7087,0.8504,2.1239,11,7,7,July,2024
11:56:43,2024-07-07,BNB,4,2538,128,3659,2737,719.9338032081794,148930232.0,148930232.0,200000000.0,BNB,499.3121856343573,1050083978.0,74362679646.0,1.0047,0.9553,0.8628,0.7087,0.8504,2.1239,11,7,7,July,2024
11:57:02,2024-07-07,BNB,4,2538,128,3659,2737,719.9338032081794,148930232.0,148930232.0,200000000.0,BNB,500.0806662445257,1052340676.0,74477129642.0,1.0063,0.9568,0.8641,0.7098,0.8517,2.1272,11,7,7,July,2024
11:57:31,2024-07-07,BNB,4,2538,128,3658,2736,719.9338032081794,148930232.0,148930232.0,200000000.0,BNB,499.7874944993755,1051527766.0,74433467506.0,1.0057,0.9562,0.8636,0.7094,0.8512,2.1259,11,7,7,July,2024
11:57:57,2024-07-07,BNB,4,2538,128,3658,2736,719.9338032081794,148930232.0,148930232.0,200000000.0,BNB,499.81096849394623,1051457791.0,74436963493.0,1.0057,0.9562,0.8636,0.7094,0.8512,2.126,11,7,7,July,2024
11:58:24,2024-07-07,BNB,4,2538,128,3658,2736,719.9338032081794,148930232.0,148930232.0,200000000.0,BNB,500.22410919859834,1052123928.0,74498492634.0,1.0066,0.957,0.8644,0.71,0.8519,2.1278,11,7,7,July,2024
11:58:48,2024-07-07,BNB,4,2538,128,3658,2736,719.9338032081794,148930232.0,148930232.0,200000000.0,BNB,500.3337933081921,1052363760.0,74514827914.0,1.0068,0.9572,0.8645,0.7101,0.8521,2.1283,11,7,7,July,2024
11:59:12,2024-07-07,BNB,4,2538,128,3658,2736,719.9338032081794,148930232.0,148930232.0,200000000.0,BNB,500.1050179897016,1051700582.0,74480756353.0,1.0063,0.9568,0.8642,0.7098,0.8517,2.1273,11,7,7,July,2024
12:00:53,2024-07-07,BNB,4,2538,128,3659,2737,719.9338032081794,148930232.0,148930232.0,200000000.0,BNB,500.2020540125033,1044922165.0,74495207950.0,1.0059,0.96,0.8645,0.7088,0.8518,2.1279,12,7,7,July,2024
12:01:22,2024-07-07,BNB,4,2538,128,3659,2737,719.9338032081794,148930232.0,148930232.0,200000000.0,BNB,500.1822261997522,1044611788.0,74492254990.0,1.0059,0.9599,0.8645,0.7088,0.8517,2.1278,12,7,7,July,2024
12:01:58,2024-07-07,BNB,4,2538,128,3659,2737,719.9338032081794,148930232.0,148930232.0,200000000.0,BNB,500.18704997167345,1046965134.0,74492973395.0,1.0059,0.9599,0.8645,0.7088,0.8517,2.1278,12,7,7,July,2024
12:10:27,2024-07-07,BNB,4,2538,128,3658,2737,719.9338032081794,148930232.0,148930232.0,200000000.0,BNB,500.82560296283117,1048114932.0,74588073240.0,1.0019,0.959,0.8661,0.7109,0.8507,2.1316,12,7,7,July,2024
12:11:29,2024-07-07,BNB,4,2538,128,3658,2737,719.9338032081794,148930232.0,148930232.0,200000000.0,BNB,500.9433663607988,1048560916.0,74605611770.0,1.0022,0.9592,0.8663,0.711,0.8509,2.1321,12,7,7,July,2024
12:13:16,2024-07-07,BNB,4,2538,128,3656,2736,719.9338032081794,148930232.0,148930232.0,200000000.0,BNB,502.392844332227,1054302586.0,74821482861.0,1.0051,0.962,0.8688,0.7131,0.8534,2.1383,12,7,7,July,2024
12:13:42,2024-07-07,BNB,4,2538,128,3656,2736,719.9338032081794,148930232.0,148930232.0,200000000.0,BNB,502.3928443217454,1054228117.0,74821482859.0,1.0051,0.962,0.8688,0.7131,0.8534,2.1383,12,7,7,July,2024
12:14:04,2024-07-07,BNB,4,2538,128,3656,2736,719.9338032081794,148930232.0,148930232.0,200000000.0,BNB,502.3849732299346,1054325600.0,74820310616.0,1.005,0.962,0.8688,0.7131,0.8533,2.1383,12,7,7,July,2024
12:15:48,2024-07-07,BNB,4,2538,128,3655,2735,719.9338032081794,148930232.0,148930232.0,200000000.0,BNB,502.44822570657396,1054004301.0,74829730822.0,1.0047,0.9617,0.8688,0.7135,0.8538,2.1383,12,7,7,July,2024
12:18:16,2024-07-07,BNB,4,2538,128,3656,2736,719.9338032081794,148930232.0,148930232.0,200000000.0,BNB,501.8117647882348,1052696382.0,74734942550.0,1.0035,0.9605,0.8677,0.7126,0.8527,2.1356,12,7,7,July,2024
12:18:43,2024-07-07,BNB,4,2538,128,3656,2736,719.9338032081794,148930232.0,148930232.0,200000000.0,BNB,501.81176498336026,1052562944.0,74734942579.0,1.0035,0.9605,0.8677,0.7126,0.8527,2.1356,12,7,7,July,2024
12:31:49,2024-07-07,BNB,4,2538,128,3655,2736,719.9338032081794,148930232.0,148930232.0,200000000.0,BNB,502.93114262289816,1049639164.0,74901651750.0,1.0021,0.9575,0.87,0.7125,0.8529,2.1416,12,7,7,July,2024
12:49:26,2024-07-07,BNB,4,2538,128,3657,2738,719.9338032081794,148930232.0,148930232.0,200000000.0,BNB,504.2946250794096,1032233577.0,75104715509.0,1.0058,0.9533,0.8717,0.7154,0.8534,2.1461,12,7,7,July,2024
12:53:27,2024-07-07,BNB,4,2538,128,3656,2737,719.9338032081794,148930232.0,148930232.0,200000000.0,BNB,503.8902213147704,1027859782.0,75044487562.0,1.0068,0.9528,0.8712,0.7167,0.8532,2.1438,12,7,7,July,2024
12:54:51,2024-07-07,BNB,4,2538,128,3657,2738,719.9338032081794,148930232.0,148930232.0,200000000.0,BNB,503.9377830086425,1027952342.0,75051570937.0,1.0069,0.9529,0.8712,0.7168,0.8533,2.144,12,7,7,July,2024
12:56:18,2024-07-07,BNB,4,2538,128,3657,2738,719.9338032081794,148930232.0,148930232.0,200000000.0,BNB,503.8523470622008,1026917960.0,75038846941.0,1.0095,0.9529,0.8711,0.717,0.8538,2.1437,12,7,7,July,2024
12:56:40,2024-07-07,BNB,4,2538,128,3659,2740,719.9338032081794,148930232.0,148930232.0,200000000.0,BNB,503.8523470909515,1026622174.0,75038846945.0,1.0095,0.9529,0.8711,0.717,0.8538,2.1437,12,7,7,July,2024
12:57:04,2024-07-07,BNB,4,2538,128,3659,2740,719.9338032081794,148930232.0,148930232.0,200000000.0,BNB,503.7347665186025,1026494789.0,75021335644.0,1.0093,0.9527,0.8709,0.7169,0.8536,2.1432,12,7,7,July,2024
12:57:26,2024-07-07,BNB,4,2538,128,3659,2740,719.9338032081794,148930232.0,148930232.0,200000000.0,BNB,503.7359289545657,1026273683.0,75021508765.0,1.0093,0.9527,0.8709,0.7169,0.8536,2.1433,12,7,7,July,2024
12:57:49,2024-07-07,BNB,4,2538,128,3658,2739,719.9338032081794,148930232.0,148930232.0,200000000.0,BNB,503.7640426412494,1026132537.0,75025695743.0,1.0093,0.9528,0.871,0.7169,0.8536,2.1434,12,7,7,July,2024
12:58:10,2024-07-07,BNB,4,2538,128,3659,2740,719.9338032081794,148930232.0,148930232.0,200000000.0,BNB,503.761822410765,1026186263.0,75025365084.0,1.0093,0.9528,0.871,0.7169,0.8536,2.1434,12,7,7,July,2024
12:58:31,2024-07-07,BNB,4,2538,128,3659,2740,719.9338032081794,148930232.0,148930232.0,200000000.0,BNB,503.8302988455095,1025851081.0,75035563295.0,1.0095,0.9529,0.8711,0.717,0.8537,2.1437,12,7,7,July,2024
12:58:51,2024-07-07,BNB,4,2538,128,3659,2740,719.9338032081794,148930232.0,148930232.0,200000000.0,BNB,503.83029886760505,1025873603.0,75035563298.0,1.0095,0.9529,0.8711,0.717,0.8537,2.1437,12,7,7,July,2024
12:59:38,2024-07-07,BNB,4,2538,128,3657,2739,719.9338032081794,148930232.0,148930232.0,200000000.0,BNB,503.8604919102651,1024651482.0,75040059955.0,1.0095,0.953,0.8711,0.717,0.8538,2.1438,12,7,7,July,2024
12:59:58,2024-07-07,BNB,4,2538,128,3658,2740,719.9338032081794,148930232.0,148930232.0,200000000.0,BNB,503.88012879161533,1024429366.0,75042984481.0,1.0096,0.953,0.8712,0.7171,0.8538,2.1439,12,7,7,July,2024
13:00:23,2024-07-07,BNB,4,2538,128,3658,2740,719.9338032081794,148930232.0,148930232.0,200000000.0,BNB,503.9540538960116,1024347807.0,75053994164.0,1.0097,0.9531,0.8713,0.7172,0.8539,2.1442,13,7,7,July,2024
13:00:45,2024-07-07,BNB,4,2538,128,3658,2740,719.9338032081794,148930232.0,148930232.0,200000000.0,BNB,503.9507383770265,1023956405.0,75053500383.0,1.0074,0.9529,0.8713,0.7175,0.8541,2.1427,13,7,7,July,2024
13:01:08,2024-07-07,BNB,4,2538,128,3659,2741,719.9338032081794,148930232.0,148930232.0,200000000.0,BNB,503.94699607331256,1021699165.0,75052943040.0,1.0074,0.9529,0.8713,0.7174,0.8541,2.1427,13,7,7,July,2024
13:01:29,2024-07-07,BNB,4,2538,128,3659,2741,719.9338032081794,148930232.0,148930232.0,200000000.0,BNB,504.0779392143084,1021876237.0,75072444433.0,1.0076,0.9532,0.8715,0.7176,0.8543,2.1432,13,7,7,July,2024
13:01:52,2024-07-07,BNB,4,2538,128,3659,2741,719.9338032081794,148930232.0,148930232.0,200000000.0,BNB,504.1028202837172,1021667500.0,75076149976.0,1.0077,0.9532,0.8716,0.7177,0.8544,2.1433,13,7,7,July,2024
13:02:13,2024-07-07,BNB,4,2538,128,3659,2741,719.9338032081794,148930232.0,148930232.0,200000000.0,BNB,504.1028203140687,1021470799.0,75076149981.0,1.0077,0.9532,0.8716,0.7177,0.8544,2.1433,13,7,7,July,2024
13:02:37,2024-07-07,BNB,4,2538,128,3659,2741,719.9338032081794,148930232.0,148930232.0,200000000.0,BNB,504.0996616446664,1021317265.0,75075679559.0,1.0077,0.9532,0.8716,0.7177,0.8544,2.1433,13,7,7,July,2024
13:03:01,2024-07-07,BNB,4,2538,128,3659,2741,719.9338032081794,148930232.0,148930232.0,200000000.0,BNB,504.11161560661964,1021107923.0,75077459866.0,1.0077,0.9532,0.8716,0.7177,0.8544,2.1434,13,7,7,July,2024
13:03:24,2024-07-07,BNB,4,2538,128,3659,2741,719.9338032081794,148930232.0,148930232.0,200000000.0,BNB,504.1384091893173,1020992184.0,75081450240.0,1.0078,0.9533,0.8716,0.7177,0.8544,2.1435,13,7,7,July,2024
13:03:50,2024-07-07,BNB,4,2538,128,3659,2741,719.9338032081794,148930232.0,148930232.0,200000000.0,BNB,504.1383795103329,1020531271.0,75081445820.0,1.0078,0.9533,0.8716,0.7177,0.8544,2.1435,13,7,7,July,2024
13:04:10,2024-07-07,BNB,4,2538,128,3659,2741,719.9338032081794,148930232.0,148930232.0,200000000.0,BNB,504.12990548369555,1020447702.0,75080183781.0,1.0077,0.9533,0.8716,0.7177,0.8544,2.1434,13,7,7,July,2024
13:04:35,2024-07-07,BNB,4,2538,128,3659,2741,719.9338032081794,148930232.0,148930232.0,200000000.0,BNB,504.13566211723685,1020340728.0,75081041118.0,1.0078,0.9533,0.8716,0.7177,0.8544,2.1435,13,7,7,July,2024
13:04:59,2024-07-07,BNB,4,2538,128,3659,2741,719.9338032081794,148930232.0,148930232.0,200000000.0,BNB,504.1258723874758,1019988571.0,75079583131.0,1.0077,0.9532,0.8716,0.7177,0.8544,2.1434,13,7,7,July,2024
13:05:25,2024-07-07,BNB,4,2538,128,3659,2741,719.9338032081794,148930232.0,148930232.0,200000000.0,BNB,503.9739123351041,1019459579.0,75056951686.0,1.0074,0.953,0.8714,0.7175,0.8541,2.1428,13,7,7,July,2024
13:05:47,2024-07-07,BNB,4,2538,128,3659,2741,719.9338032081794,148930232.0,148930232.0,200000000.0,BNB,503.95383776761525,1019037430.0,75053961976.0,1.0074,0.9529,0.8713,0.7175,0.8541,2.1427,13,7,7,July,2024
13:06:10,2024-07-07,BNB,4,2538,128,3655,2738,719.9338032081794,148930232.0,148930232.0,200000000.0,BNB,503.9586200165909,1018931792.0,75054674197.0,1.0074,0.9537,0.8712,0.7181,0.8552,2.1427,13,7,7,July,2024
13:06:30,2024-07-07,BNB,4,2538,128,3656,2739,719.9338032081794,148930232.0,148930232.0,200000000.0,BNB,503.9407230342503,1020016056.0,75052008795.0,1.0073,0.9537,0.8711,0.7181,0.8552,2.1426,13,7,7,July,2024
13:06:51,2024-07-07,BNB,4,2538,128,3656,2739,719.9338032081794,148930232.0,148930232.0,200000000.0,BNB,503.94072291181544,1019995735.0,75052008777.0,1.0073,0.9537,0.8711,0.7181,0.8552,2.1426,13,7,7,July,2024
13:07:11,2024-07-07,BNB,4,2538,128,3656,2739,719.9338032081794,148930232.0,148930232.0,200000000.0,BNB,503.9637556603892,1020018922.0,75055439050.0,1.0074,0.9537,0.8712,0.7181,0.8552,2.1427,13,7,7,July,2024
13:07:41,2024-07-07,BNB,4,2538,128,3656,2739,719.9338032081794,148930232.0,148930232.0,200000000.0,BNB,503.96723653183636,1019609537.0,75055957457.0,1.0074,0.9537,0.8712,0.7181,0.8552,2.1428,13,7,7,July,2024
13:08:13,2024-07-07,BNB,4,2538,128,3655,2738,719.9338032081794,148930232.0,148930232.0,200000000.0,BNB,503.9788277207809,1019522893.0,75057683735.0,1.0074,0.9538,0.8712,0.7181,0.8553,2.1428,13,7,7,July,2024
13:08:43,2024-07-07,BNB,4,2538,128,3655,2738,719.9338032081794,148930232.0,148930232.0,200000000.0,BNB,503.97874915589364,1019288626.0,75057672034.0,1.0074,0.9538,0.8712,0.7181,0.8553,2.1428,13,7,7,July,2024
13:09:07,2024-07-07,BNB,4,2538,128,3655,2738,719.9338032081794,148930232.0,148930232.0,200000000.0,BNB,503.97191922316716,1019000715.0,75056654851.0,1.0074,0.9537,0.8712,0.7181,0.8552,2.1428,13,7,7,July,2024
13:10:01,2024-07-07,BNB,4,2538,128,3655,2738,719.9338032081794,148930232.0,148930232.0,200000000.0,BNB,503.96914151625094,1018639230.0,75056241166.0,1.0074,0.9537,0.8712,0.7181,0.8552,2.1428,13,7,7,July,2024
13:10:20,2024-07-07,BNB,4,2538,128,3655,2738,719.9338032081794,148930232.0,148930232.0,200000000.0,BNB,503.96914151625094,1018639230.0,75056241166.0,1.0074,0.9537,0.8712,0.7181,0.8552,2.1428,13,7,7,July,2024
13:10:45,2024-07-07,BNB,4,2538,128,3656,2739,719.9338032081794,148930232.0,148930232.0,200000000.0,BNB,503.79209096070474,1017693214.0,75029872986.0,1.007,0.9534,0.8709,0.7179,0.8549,2.142,13,7,7,July,2024
13:11:06,2024-07-07,BNB,4,2538,128,3656,2739,719.9338032081794,148930232.0,148930232.0,200000000.0,BNB,503.7933460109254,1017603720.0,75030059901.0,1.007,0.9534,0.8709,0.7179,0.8549,2.142,13,7,7,July,2024
13:11:31,2024-07-07,BNB,4,2538,128,3657,2740,719.9338032081794,148930232.0,148930232.0,200000000.0,BNB,503.3347437718879,1016988125.0,74961760163.0,1.0055,0.9538,0.8702,0.7165,0.8551,2.1456,13,7,7,July,2024
13:11:53,2024-07-07,BNB,4,2538,128,3659,2742,719.9338032081794,148930232.0,148930232.0,200000000.0,BNB,503.32303849776565,1017023355.0,74960016894.0,1.0055,0.9538,0.8701,0.7165,0.855,2.1455,13,7,7,July,2024
13:12:31,2024-07-07,BNB,4,2538,128,3659,2742,719.9338032081794,148930232.0,148930232.0,200000000.0,BNB,503.32330632852904,1016702240.0,74960056782.0,1.0055,0.9538,0.8701,0.7165,0.855,2.1455,13,7,7,July,2024
13:12:58,2024-07-07,BNB,4,2538,128,3660,2743,719.9338032081794,148930232.0,148930232.0,200000000.0,BNB,503.32147366772335,1016750711.0,74959783843.0,1.0055,0.9538,0.8701,0.7165,0.855,2.1455,13,7,7,July,2024
13:13:20,2024-07-07,BNB,4,2538,128,3660,2743,719.9338032081794,148930232.0,148930232.0,200000000.0,BNB,503.3025735095362,1016486142.0,74956969038.0,1.0054,0.9537,0.8701,0.7165,0.855,2.1454,13,7,7,July,2024
13:13:44,2024-07-07,BNB,4,2538,128,3661,2744,719.9338032081794,148930232.0,148930232.0,200000000.0,BNB,503.3025733037653,1016295960.0,74956969008.0,1.0054,0.9537,0.8701,0.7165,0.855,2.1454,13,7,7,July,2024
13:14:07,2024-07-07,BNB,4,2538,128,3661,2744,719.9338032081794,148930232.0,148930232.0,200000000.0,BNB,503.2847458781403,1016583329.0,74954313965.0,1.0054,0.9537,0.8701,0.7164,0.855,2.1453,13,7,7,July,2024
