Time,Date,Name,Coin_Name,Code,Volume,Bid_Total,Ask_Total,Depth,Hour,Day,Month_Number,Month_Name,Year
14:50:28,2024-07-15,Bybit,BTC,bybit,52760.5035631314,240.05660108620836,502.66380760497225,742.7204086911805,14,15,7,July,2024
14:57:13,2024-07-15,Bybit,BTC,bybit,52983.35081216971,223.2951327928453,528.0230288382375,751.3181616310828,14,15,7,July,2024
14:59:24,2024-07-15,Bybit,BTC,bybit,52983.379774718785,220.80877296140025,532.7769584040346,753.5857313654349,14,15,7,July,2024
15:01:47,2024-07-15,Bybit,ETH,bybit,992285.9201353111,4096.2433610981625,9977.466281012845,14073.709642111007,15,15,7,July,2024
15:02:35,2024-07-15,Bybit,BNB,bybit,5821605.736651521,24491.828117062483,58151.51386113806,82643.34197820054,15,15,7,July,2024
15:02:57,2024-07-15,Bybit,ADA,bybit,7716475719.328299,32450720.956545554,76945462.32543482,109396183.28198037,15,15,7,July,2024
15:03:20,2024-07-15,Bybit,DOGE,bybit,27871165538.86582,117164875.85550936,277544957.9691065,394709833.82461584,15,15,7,July,2024
15:03:54,2024-07-15,Bybit,SOL,bybit,21655948.25470302,90997.35660928211,215464.73278096618,306462.0893902483,15,15,7,July,2024
15:04:30,2024-07-15,Bybit,USDT,bybit,3373239725.207407,14182442.931241024,33540306.196644835,47722749.127885856,15,15,7,July,2024
15:04:55,2024-07-15,Bybit,TONCOIN,bybit,448268966.48343617,1888915.906677898,4461334.369109163,6350250.27578706,15,15,7,July,2024
15:05:16,2024-07-15,Bybit,USDC,bybit,3383374586.4217863,14222651.64129328,33642059.505562566,47864711.146855846,15,15,7,July,2024
15:06:51,2024-07-15,Bybit,XRP,bybit,6331316229.028416,24430999.446973156,68380549.11979216,92811548.56676532,15,15,7,July,2024
15:10:46,2024-07-15,Bybit,BTC,bybit,53324.37855643815,202.43964070044763,572.4326105485025,774.8722512489501,15,15,7,July,2024
15:10:49,2024-07-15,Bybit,ETH,bybit,997867.4580058652,3788.284742063568,10712.021207394455,14500.305949458023,15,15,7,July,2024
15:10:51,2024-07-15,Bybit,BNB,bybit,5856079.242448149,22231.906115883285,62864.5062367775,85096.41235266079,15,15,7,July,2024
15:10:54,2024-07-15,Bybit,ADA,bybit,7739541825.0483055,29382247.08217811,83083314.82330646,112465561.90548456,15,15,7,July,2024
15:10:57,2024-07-15,Bybit,DOGE,bybit,27931116383.90968,106037150.70277886,299838128.4510078,405875279.1537866,15,15,7,July,2024
15:10:59,2024-07-15,Bybit,SOL,bybit,21751700.137634557,82577.73423137191,233502.62732974775,316080.3615611197,15,15,7,July,2024
15:11:02,2024-07-15,Bybit,USDT,bybit,3386982466.147855,12858274.809147386,36358965.02623071,49217239.83537809,15,15,7,July,2024
15:11:05,2024-07-15,Bybit,TONCOIN,bybit,449858890.5814908,1707835.6024127295,4829196.4404510595,6537032.042863789,15,15,7,July,2024
15:11:07,2024-07-15,Bybit,USDC,bybit,3392570350.013036,12879488.543513663,36418950.47819433,49298439.021708,15,15,7,July,2024
15:11:10,2024-07-15,Bybit,XRP,bybit,6340836870.895847,24072230.61260271,68068337.62211512,92140568.23471783,15,15,7,July,2024
15:11:21,2024-07-15,Bybit,BTC,bybit,53435.07743327099,202.67149256952314,572.3525105189811,775.0240030885043,15,15,7,July,2024
15:11:24,2024-07-15,Bybit,ETH,bybit,999975.3249884667,3792.761260638084,10710.911543618731,14503.672804256816,15,15,7,July,2024
15:11:26,2024-07-15,Bybit,BNB,bybit,5869027.438791129,22260.36918233526,62864.184918450876,85124.55410078613,15,15,7,July,2024
15:11:29,2024-07-15,Bybit,ADA,bybit,7757593139.542134,29423424.75879245,83092944.22837648,112516368.98716894,15,15,7,July,2024
15:11:31,2024-07-15,Bybit,DOGE,bybit,27987711758.36258,106153328.26562184,299781302.05920523,405934630.3248271,15,15,7,July,2024
15:11:34,2024-07-15,Bybit,SOL,bybit,21800832.020524353,82687.39144946073,233512.54527387494,316199.93672333565,15,15,7,July,2024
15:11:37,2024-07-15,Bybit,USDT,bybit,3394435673.891929,12874601.806613302,36358397.38743515,49232999.19404846,15,15,7,July,2024
15:11:39,2024-07-15,Bybit,TONCOIN,bybit,450862867.58168864,1710057.413710433,4829271.455298609,6539328.869009042,15,15,7,July,2024
15:11:42,2024-07-15,Bybit,USDC,bybit,3399958563.723514,13061238.964623611,36384795.364761874,49446034.32938548,15,15,7,July,2024
15:11:44,2024-07-15,Bybit,XRP,bybit,6356085696.13534,24417460.566322587,68019910.54899836,92437371.11532095,15,15,7,July,2024
15:11:56,2024-07-15,Bybit,BTC,bybit,53418.51728677934,204.51419337620214,571.9111102607352,776.4253036369373,15,15,7,July,2024
15:11:58,2024-07-15,Bybit,ETH,bybit,999728.423739946,3827.486470258862,10703.325772050815,14530.812242309677,15,15,7,July,2024
15:12:01,2024-07-15,Bybit,BNB,bybit,5867765.170266452,22464.892731401542,62821.6630435548,85286.55577495633,15,15,7,July,2024
15:12:03,2024-07-15,Bybit,ADA,bybit,7755958804.2413435,29693891.543130577,83037104.66273081,112730996.20586139,15,15,7,July,2024
15:12:06,2024-07-15,Bybit,DOGE,bybit,27980173701.865185,107122828.29645696,299562268.2901076,406685096.58656454,15,15,7,July,2024
15:12:09,2024-07-15,Bybit,SOL,bybit,21791246.72819018,83576.00112266121,233272.88720292918,316848.8883255904,15,15,7,July,2024
15:12:12,2024-07-15,Bybit,USDT,bybit,3393305979.6481314,13014351.491772534,36324965.382153936,49339316.87392647,15,15,7,July,2024
15:12:14,2024-07-15,Bybit,TONCOIN,bybit,450696305.3335098,1728556.2129772212,4824654.124118236,6553210.337095457,15,15,7,July,2024
15:12:16,2024-07-15,Bybit,USDC,bybit,3399209916.5517707,13036994.86979681,36388166.37402717,49425161.243823975,15,15,7,July,2024
15:12:19,2024-07-15,Bybit,XRP,bybit,6354451707.221347,24371238.123314817,68023703.0411622,92394941.164477,15,15,7,July,2024
15:12:30,2024-07-15,Bybit,BTC,bybit,53395.143267278625,206.31872713855103,570.1761623844806,776.4948895230316,15,15,7,July,2024
15:12:33,2024-07-15,Bybit,ETH,bybit,999204.145902057,3860.922827796028,10669.928957719123,14530.85178551515,15,15,7,July,2024
15:12:36,2024-07-15,Bybit,BNB,bybit,5866583.607443222,22717.11535939589,62818.7350868239,85535.85044621979,15,15,7,July,2024
15:12:38,2024-07-15,Bybit,ADA,bybit,7752670770.998283,30020592.568515472,83014749.97489284,113035342.5434083,15,15,7,July,2024
15:12:41,2024-07-15,Bybit,DOGE,bybit,27975164395.92742,108327960.41192335,299554998.06880075,407882958.48072416,15,15,7,July,2024
15:12:44,2024-07-15,Bybit,SOL,bybit,21774326.003706355,84316.51345967429,233157.09933555374,317473.612795228,15,15,7,July,2024
15:12:46,2024-07-15,Bybit,USDT,bybit,3393019138.151634,13138755.421508698,36332077.51674131,49470832.93825001,15,15,7,July,2024
15:12:49,2024-07-15,Bybit,TONCOIN,bybit,450674158.23251045,1745141.2145694306,4825769.553606319,6570910.76817575,15,15,7,July,2024
15:12:52,2024-07-15,Bybit,USDC,bybit,3398843637.577009,13161309.574694056,36394445.61901327,49555755.19370733,15,15,7,July,2024
15:12:54,2024-07-15,Bybit,XRP,bybit,6357734454.663342,24618994.06798676,68077924.59535567,92696918.66334243,15,15,7,July,2024
15:13:05,2024-07-15,Bybit,BTC,bybit,53377.25482269433,206.647449676675,570.9883421547796,777.6357918314545,15,15,7,July,2024
15:13:08,2024-07-15,Bybit,ETH,bybit,998802.3491685104,3866.814786042345,10684.410417628887,14551.225203671233,15,15,7,July,2024
15:13:10,2024-07-15,Bybit,BNB,bybit,5864838.7318345895,22705.438313086834,62737.481641180006,85442.91995426684,15,15,7,July,2024
15:13:13,2024-07-15,Bybit,ADA,bybit,7750248211.01712,30004709.54319224,82906125.31491996,112910834.8581122,15,15,7,July,2024
15:13:15,2024-07-15,Bybit,DOGE,bybit,27973303645.511005,108297286.48612235,299236637.8937795,407533924.3799019,15,15,7,July,2024
15:13:19,2024-07-15,Bybit,SOL,bybit,21767188.101529654,84270.61156957631,232848.44244517654,317119.05401475285,15,15,7,July,2024
15:13:21,2024-07-15,Bybit,USDT,bybit,3392023470.865856,13132054.127291486,36285227.94237683,49417282.069668315,15,15,7,July,2024
15:13:24,2024-07-15,Bybit,TONCOIN,bybit,450552357.5082342,1744291.5701484254,4819658.570342499,6563950.140490925,15,15,7,July,2024
15:13:26,2024-07-15,Bybit,USDC,bybit,3397735833.7865987,13154169.26290721,36346334.35642408,49500503.619331285,15,15,7,July,2024
15:13:29,2024-07-15,Bybit,XRP,bybit,6356547845.199683,24609066.264677815,67997403.16384625,92606469.42852408,15,15,7,July,2024
15:13:41,2024-07-15,Bybit,BTC,bybit,53369.95501561896,206.70362665958666,571.4105281652257,778.1141548248123,15,15,7,July,2024
15:13:43,2024-07-15,Bybit,ETH,bybit,998855.5897493727,3867.994532219971,10695.609131614217,14563.603663834188,15,15,7,July,2024
15:13:46,2024-07-15,Bybit,BNB,bybit,5862233.860149343,22701.06785240291,62771.99892529385,85473.06677769676,15,15,7,July,2024
15:13:48,2024-07-15,Bybit,ADA,bybit,7744950287.074811,29991748.226825878,82931869.095432,112923617.32225788,15,15,7,July,2024
15:13:51,2024-07-15,Bybit,DOGE,bybit,27975066240.715797,108331378.79794116,299553185.67801046,407884564.4759516,15,15,7,July,2024
15:13:53,2024-07-15,Bybit,SOL,bybit,21745454.60711655,84207.66763899187,232847.3557677503,317055.0234067422,15,15,7,July,2024
15:13:56,2024-07-15,Bybit,USDT,bybit,3388526222.8870735,13121817.645031027,36283875.65145323,49405693.296484254,15,15,7,July,2024
15:13:59,2024-07-15,Bybit,TONCOIN,bybit,450145869.2565254,1743156.6473212899,4820100.442133543,6563257.089454833,15,15,7,July,2024
15:14:01,2024-07-15,Bybit,USDC,bybit,3394251226.2498555,13143987.297913222,36345178.204969354,49489165.50288258,15,15,7,July,2024
15:14:04,2024-07-15,Bybit,XRP,bybit,6349694167.5527,24588721.90676281,67991657.27097224,92580379.17773505,15,15,7,July,2024
15:14:15,2024-07-15,Bybit,BTC,bybit,53358.115238836705,206.93557901798863,570.4929008100695,777.4284798280581,15,15,7,July,2024
15:14:18,2024-07-15,Bybit,ETH,bybit,998760.7975685067,3873.4341162574583,10678.524570626463,14551.958686883921,15,15,7,July,2024
15:14:21,2024-07-15,Bybit,BNB,bybit,5861677.537241829,22732.99253087187,62671.730567431136,85404.723098303,15,15,7,July,2024
15:14:23,2024-07-15,Bybit,ADA,bybit,7744264585.777211,30034117.002691373,82799925.52969818,112834042.53238955,15,15,7,July,2024
15:14:26,2024-07-15,Bybit,DOGE,bybit,27973361933.267555,108487412.3238744,299084859.4124313,407572271.73630565,15,15,7,July,2024
15:14:28,2024-07-15,Bybit,SOL,bybit,21740465.33314847,84251.7942134867,232334.9851922645,316586.7794057512,15,15,7,July,2024
15:14:31,2024-07-15,Bybit,USDT,bybit,3387759483.8679614,13128735.31020672,36204149.1503544,49332884.46056112,15,15,7,July,2024
15:14:34,2024-07-15,Bybit,TONCOIN,bybit,450044247.9391055,1744076.5311732055,4809511.759684736,6553588.290857941,15,15,7,July,2024
15:14:36,2024-07-15,Bybit,USDC,bybit,3393423553.9230947,13150685.53332215,36264679.668548085,49415365.20187023,15,15,7,July,2024
15:14:39,2024-07-15,Bybit,XRP,bybit,6349050928.1281595,24604760.020108234,67850739.65838444,92455499.67849268,15,15,7,July,2024
15:14:50,2024-07-15,Bybit,BTC,bybit,53334.66538373844,207.0412408337167,569.8940845577116,776.9353253914284,15,15,7,July,2024
15:14:53,2024-07-15,Bybit,ETH,bybit,998342.05345449,3875.4902845367783,10667.531642607499,14543.021927144278,15,15,7,July,2024
15:14:55,2024-07-15,Bybit,BNB,bybit,5858680.2606803,22742.965050814557,62601.446917387664,85344.41196820221,15,15,7,July,2024
15:14:58,2024-07-15,Bybit,ADA,bybit,7739489126.437486,30044126.472484432,82698354.60522564,112742481.07771008,15,15,7,July,2024
15:15:01,2024-07-15,Bybit,DOGE,bybit,27958679009.533295,108533531.66382267,298745396.91851056,407278928.5823332,15,15,7,July,2024
15:15:04,2024-07-15,Bybit,SOL,bybit,21726550.21550712,84340.86692566302,232153.56010162132,316494.42702728434,15,15,7,July,2024
15:15:06,2024-07-15,Bybit,USDT,bybit,3385963413.6128654,13146810.705438042,36180712.20503145,49327522.91046949,15,15,7,July,2024
15:15:09,2024-07-15,Bybit,TONCOIN,bybit,449775383.63405484,1746360.2249302894,4806074.881597036,6552435.106527326,15,15,7,July,2024
15:15:11,2024-07-15,Bybit,USDC,bybit,3391618091.6824164,13168766.342017487,36241135.267792255,49409901.60980974,15,15,7,July,2024
15:15:14,2024-07-15,Bybit,XRP,bybit,6345100140.090789,24636364.97472196,67800567.82591611,92436932.80063808,15,15,7,July,2024
15:15:24,2024-07-15,Bybit,BTC,bybit,53494.27416825917,206.32393011083727,568.9316615745423,775.2555916853795,15,15,7,July,2024
15:15:27,2024-07-15,Bybit,ETH,bybit,1001421.6646577318,3862.418114141205,10650.494851438192,14512.912965579397,15,15,7,July,2024
15:15:30,2024-07-15,Bybit,BNB,bybit,5876189.01254207,22664.07816523243,62495.47321861387,85159.5513838463,15,15,7,July,2024
15:15:33,2024-07-15,Bybit,ADA,bybit,7762560772.693615,29939691.139816884,82557744.1165169,112497435.25633378,15,15,7,July,2024
15:15:36,2024-07-15,Bybit,DOGE,bybit,28044471910.07238,108165700.95276442,298263473.0511997,406429174.0039641,15,15,7,July,2024
15:15:38,2024-07-15,Bybit,SOL,bybit,21790367.39407406,84044.02731333872,231748.72676721317,315792.7540805519,15,15,7,July,2024
15:15:41,2024-07-15,Bybit,USDT,bybit,3396453392.564037,13099899.443217423,36122555.210563235,49222454.653780654,15,15,7,July,2024
15:15:43,2024-07-15,Bybit,TONCOIN,bybit,451209097.60222805,1734656.0398060002,4800303.905621513,6534959.945427513,15,15,7,July,2024
15:15:46,2024-07-15,Bybit,USDC,bybit,3401830098.1521525,13078205.110473223,36191243.4682699,49269448.57874313,15,15,7,July,2024
15:15:49,2024-07-15,Bybit,XRP,bybit,6363326084.727397,24463562.647086445,67697879.36365701,92161442.01074345,15,15,7,July,2024
15:16:00,2024-07-15,Bybit,BTC,bybit,53468.054478032056,209.05111750308575,565.6604839251966,774.7116014282823,15,15,7,July,2024
15:16:03,2024-07-15,Bybit,ETH,bybit,1001290.663266462,3914.8784100095068,10593.064712421803,14507.94312243131,15,15,7,July,2024
15:16:05,2024-07-15,Bybit,BNB,bybit,5876407.283081086,22975.766023731114,62168.92348037313,85144.68950410424,15,15,7,July,2024
15:16:08,2024-07-15,Bybit,ADA,bybit,7762885338.690569,30351578.544312764,82126748.7700282,112478327.31434098,15,15,7,July,2024
15:16:11,2024-07-15,Bybit,DOGE,bybit,28029980813.38031,109592519.6798535,296540666.49881697,406133186.17867047,15,15,7,July,2024
15:16:14,2024-07-15,Bybit,SOL,bybit,21791243.146953452,85200.10268044725,230538.50124473427,315738.60392518155,15,15,7,July,2024
15:16:17,2024-07-15,Bybit,USDT,bybit,3396617179.229029,13280202.991858367,35934206.622399725,49214409.614258096,15,15,7,July,2024
15:23:07,2024-07-15,Bybit,BTC,bybit,54116.230000023155,207.0997539781713,554.8614558229754,761.9612098011467,15,15,7,July,2024
15:23:09,2024-07-15,Bybit,ETH,bybit,1008500.145624425,3859.473064655076,10340.296413822834,14199.76947847791,15,15,7,July,2024
15:23:12,2024-07-15,Bybit,BNB,bybit,5946541.158710734,22757.076961745777,60970.738065679536,83727.81502742531,15,15,7,July,2024
15:23:15,2024-07-15,Bybit,ADA,bybit,7894190626.096183,30210621.40730435,80940266.96497408,111150888.37227842,15,15,7,July,2024
15:23:17,2024-07-15,Bybit,DOGE,bybit,28308696677.236244,108335782.39459386,290253120.93572676,398588903.33032066,15,15,7,July,2024
15:23:20,2024-07-15,Bybit,SOL,bybit,21997542.980294477,84183.3538541263,225543.95830177827,309727.3121559046,15,15,7,July,2024
15:23:24,2024-07-15,Bybit,USDT,bybit,3447105178.3827634,13191876.713873917,35343663.03143361,48535539.745307535,15,15,7,July,2024
15:23:26,2024-07-15,Bybit,TONCOIN,bybit,457012326.705737,1748960.3474911184,4685812.831471852,6434773.17896297,15,15,7,July,2024
15:23:29,2024-07-15,Bybit,USDC,bybit,3452974959.636645,13214340.035017759,35403846.7392028,48618186.774220556,15,15,7,July,2024
15:23:31,2024-07-15,Bybit,XRP,bybit,6474330299.430486,24720627.05664632,65985038.04747432,90705665.10412063,15,15,7,July,2024
15:23:43,2024-07-15,Bybit,BTC,bybit,54338.98050156494,206.74578673801804,547.8894475126104,754.6352342506284,15,15,7,July,2024
15:23:46,2024-07-15,Bybit,ETH,bybit,1012534.0303484049,3852.4304793934875,10209.185107168647,14061.615586562133,15,15,7,July,2024
15:23:48,2024-07-15,Bybit,BNB,bybit,5970593.281542576,22716.56541752186,60200.33913320577,82916.90455072763,15,15,7,July,2024
15:23:51,2024-07-15,Bybit,ADA,bybit,7927172844.360386,30160845.33033041,79928153.04859275,110088998.37892315,15,15,7,July,2024
15:23:54,2024-07-15,Bybit,DOGE,bybit,28425815647.1367,108152887.03231904,286612010.1306743,394764897.1629933,15,15,7,July,2024
15:23:56,2024-07-15,Bybit,SOL,bybit,22086464.3232626,84033.29250247133,222693.55486400455,306726.84736647585,15,15,7,July,2024
15:23:59,2024-07-15,Bybit,USDT,bybit,3461048144.827637,13168394.309862694,34897080.11414656,48065474.42400925,15,15,7,July,2024
15:24:02,2024-07-15,Bybit,TONCOIN,bybit,458868891.7809442,1745877.6216480832,4626686.428011744,6372564.049659828,15,15,7,July,2024
15:24:04,2024-07-15,Bybit,USDC,bybit,3467007297.8068833,13191067.347884653,34957165.10292084,48148232.450805485,15,15,7,July,2024
15:24:07,2024-07-15,Bybit,XRP,bybit,6472298806.775173,24625425.366081927,65258939.06453492,89884364.43061684,15,15,7,July,2024
15:24:17,2024-07-15,Bybit,BTC,bybit,54295.624515799434,207.28135025086354,547.9583513686115,755.239701619475,15,15,7,July,2024
15:24:20,2024-07-15,Bybit,ETH,bybit,1013284.0890541971,3868.357644652422,10226.191960359807,14094.54960501223,15,15,7,July,2024
15:24:23,2024-07-15,Bybit,BNB,bybit,5967527.866937512,22781.89531752272,60225.050561151635,83006.94587867436,15,15,7,July,2024
15:24:25,2024-07-15,Bybit,ADA,bybit,7927520064.0795355,30264447.230827175,80005541.21061023,110269988.44143741,15,15,7,July,2024
15:24:28,2024-07-15,Bybit,DOGE,bybit,28419248506.290062,108494565.74137917,286810672.084822,395305237.8262012,15,15,7,July,2024
15:24:31,2024-07-15,Bybit,SOL,bybit,22079149.020217076,84290.32471979185,222825.5813361079,307115.90605589974,15,15,7,July,2024
15:24:33,2024-07-15,Bybit,USDT,bybit,3459720554.110343,13207980.465128992,34915940.05838814,48123920.523517124,15,15,7,July,2024
15:24:36,2024-07-15,Bybit,TONCOIN,bybit,458705049.47452855,1751172.4539479585,4629309.726447285,6380482.180395244,15,15,7,July,2024
15:24:39,2024-07-15,Bybit,USDC,bybit,3465688546.46606,13230764.13369919,34976169.79662915,48206933.93032834,15,15,7,July,2024
15:24:41,2024-07-15,Bybit,XRP,bybit,6469763437.825439,24691603.570996705,65271985.38441962,89963588.95541632,15,15,7,July,2024
15:24:52,2024-07-15,Bybit,BTC,bybit,54365.96780731884,206.80357261044927,545.9876074084638,752.791180018913,15,15,7,July,2024
15:24:55,2024-07-15,Bybit,ETH,bybit,1014824.4902736618,3860.307074914583,10191.699287829822,14052.006362744403,15,15,7,July,2024
15:24:57,2024-07-15,Bybit,BNB,bybit,5975743.052044088,22731.224367138388,60013.30948502079,82744.53385215918,15,15,7,July,2024
15:24:59,2024-07-15,Bybit,ADA,bybit,7939251209.924837,30200244.38603404,79732467.7100306,109932712.09606464,15,15,7,July,2024
15:25:02,2024-07-15,Bybit,DOGE,bybit,28458605689.54595,108254144.37518513,285804643.1857014,394058787.5608865,15,15,7,July,2024
15:25:05,2024-07-15,Bybit,SOL,bybit,22109841.285821885,84103.97813505735,222045.1475564765,306149.12569153385,15,15,7,July,2024
15:25:07,2024-07-15,Bybit,USDT,bybit,3464655833.263922,13179259.619253118,34794913.53123466,47974173.15048777,15,15,7,July,2024
15:25:10,2024-07-15,Bybit,TONCOIN,bybit,459342655.1808003,1747300.8570440824,4613095.423439765,6360396.280483847,15,15,7,July,2024
15:25:12,2024-07-15,Bybit,USDC,bybit,3470495578.1167073,13201473.517899595,34853561.035337746,48055034.55323734,15,15,7,July,2024
15:25:15,2024-07-15,Bybit,XRP,bybit,6476879466.347262,24637505.171526738,65046132.091993906,89683637.26352063,15,15,7,July,2024
15:25:25,2024-07-15,Bybit,BTC,bybit,54361.23604052986,205.74743259531388,545.9826118792547,751.7300444745684,15,15,7,July,2024
15:25:28,2024-07-15,Bybit,ETH,bybit,1014763.5677281888,3840.6963115348017,10191.881265081463,14032.577576616264,15,15,7,July,2024
15:25:30,2024-07-15,Bybit,BNB,bybit,5975746.756823221,22617.119157104567,60018.02129346002,82635.14045056459,15,15,7,July,2024
15:25:33,2024-07-15,Bybit,ADA,bybit,7940501587.901619,30054899.684500154,79741991.86983761,109796891.55433775,15,15,7,July,2024
15:25:36,2024-07-15,Bybit,DOGE,bybit,28455080777.90173,107702843.30617289,285758373.69067794,393461216.9968508,15,15,7,July,2024
15:25:38,2024-07-15,Bybit,SOL,bybit,22101878.50461143,83655.89175212906,221956.73617245798,305612.627924587,15,15,7,July,2024
15:25:41,2024-07-15,Bybit,USDT,bybit,3465278561.126574,13116123.506881742,34799843.78683327,47915967.29371501,15,15,7,July,2024
15:25:43,2024-07-15,Bybit,TONCOIN,bybit,459369088.9195475,1738717.854634385,4613185.420136348,6351903.274770733,15,15,7,July,2024
15:25:46,2024-07-15,Bybit,USDC,bybit,3471082791.6185794,13138092.59324887,34858132.409482665,47996225.00273153,15,15,7,July,2024
15:25:49,2024-07-15,Bybit,XRP,bybit,6474386461.403289,24496769.44342295,64958809.63403437,89455579.07745732,15,15,7,July,2024
15:26:00,2024-07-15,Bybit,BTC,bybit,54426.84005029167,210.0301604934119,545.3178670711544,755.3480275645663,15,15,7,July,2024
15:26:02,2024-07-15,Bybit,ETH,bybit,1015729.5599357419,3919.64410011827,10176.8810504793,14096.52515059757,15,15,7,July,2024
15:26:05,2024-07-15,Bybit,BNB,bybit,5984033.089799574,23092.05217659438,59955.71592981405,83047.76810640843,15,15,7,July,2024
15:26:07,2024-07-15,Bybit,ADA,bybit,7951502626.552062,30684408.12061376,79668348.34275512,110352756.4633689,15,15,7,July,2024
15:26:10,2024-07-15,Bybit,DOGE,bybit,28492676627.11077,109951660.60255028,285476166.3746619,395427826.97721225,15,15,7,July,2024
15:26:12,2024-07-15,Bybit,SOL,bybit,22129689.65296557,85397.2463804069,221723.60455523286,307120.85093563976,15,15,7,July,2024
15:26:15,2024-07-15,Bybit,USDT,bybit,3469772299.2033195,13389659.076365259,34764627.66671294,48154286.743078195,15,15,7,July,2024
15:26:17,2024-07-15,Bybit,TONCOIN,bybit,459910349.31619334,1774768.558861862,4607971.554132364,6382740.112994226,15,15,7,July,2024
15:26:20,2024-07-15,Bybit,USDC,bybit,3475635907.0788727,13412286.414311662,34823376.80844308,48235663.22275475,15,15,7,July,2024
15:26:22,2024-07-15,Bybit,XRP,bybit,6480652959.661278,25008480.741524674,64931490.52793326,89939971.26945794,15,15,7,July,2024
15:26:34,2024-07-15,Bybit,BTC,bybit,54404.840375568325,209.94711411157436,545.4933944958665,755.4405086074408,15,15,7,July,2024
15:26:36,2024-07-15,Bybit,ETH,bybit,1015447.7787266053,3918.5912356871295,10181.448046295773,14100.039281982901,15,15,7,July,2024
15:26:39,2024-07-15,Bybit,BNB,bybit,5981717.7435497055,23083.320693873837,59976.051658638804,83059.37235251264,15,15,7,July,2024
15:26:41,2024-07-15,Bybit,ADA,bybit,7946168469.726471,30664093.984046184,79672734.6659702,110336828.65001638,15,15,7,July,2024
15:26:44,2024-07-15,Bybit,DOGE,bybit,28493718466.56949,109956649.4647848,285693976.8748688,395650626.3396536,15,15,7,July,2024
15:26:46,2024-07-15,Bybit,SOL,bybit,22130169.206779394,85399.84912538451,221889.46862152952,307289.317746914,15,15,7,July,2024
15:26:49,2024-07-15,Bybit,USDT,bybit,3468337358.883523,13384239.605084013,34775492.513048984,48159732.11813299,15,15,7,July,2024
15:26:52,2024-07-15,Bybit,TONCOIN,bybit,459911923.0120932,1774790.2634276384,4611334.475409121,6386124.73883676,15,15,7,July,2024
15:26:55,2024-07-15,Bybit,USDC,bybit,3474225668.9110255,13406962.467401676,34834532.006641336,48241494.47404301,15,15,7,July,2024
15:26:57,2024-07-15,Bybit,XRP,bybit,6475634810.858109,24996129.385104418,64932745.514602855,89928874.89970726,15,15,7,July,2024
15:27:09,2024-07-15,Bybit,BTC,bybit,54460.32062859312,210.8925141175603,547.2479583039889,758.1404724215491,15,15,7,July,2024
15:27:11,2024-07-15,Bybit,ETH,bybit,1016691.1849732914,3937.04182431138,10216.2853391315,14153.32716344288,15,15,7,July,2024
15:27:13,2024-07-15,Bybit,BNB,bybit,5987585.463346374,23186.36646431904,60166.6292479849,83352.99571230393,15,15,7,July,2024
15:27:16,2024-07-15,Bybit,ADA,bybit,7951367155.050064,30790927.975548714,79899813.13187419,110690741.1074229,15,15,7,July,2024
15:27:18,2024-07-15,Bybit,DOGE,bybit,28525884158.903496,110463826.8423807,286644141.7272888,397107968.5696695,15,15,7,July,2024
15:27:21,2024-07-15,Bybit,SOL,bybit,22151723.578119166,85780.48427746599,222592.9880896701,308373.4723671361,15,15,7,July,2024
15:27:23,2024-07-15,Bybit,USDT,bybit,3471931851.268548,13444732.394293556,34887925.65021636,48332658.04450992,15,15,7,July,2024
15:27:26,2024-07-15,Bybit,TONCOIN,bybit,460413697.3562219,1782909.1171129872,4626496.005627574,6409405.122740561,15,15,7,July,2024
15:27:28,2024-07-15,Bybit,USDC,bybit,3477910174.807431,13467882.894818911,34947999.21043365,48415882.10525256,15,15,7,July,2024
15:27:31,2024-07-15,Bybit,XRP,bybit,6482557788.830848,25123698.041515227,65164140.796359584,90287838.83787481,15,15,7,July,2024
15:27:42,2024-07-15,Bybit,BTC,bybit,54446.647924318095,211.09391137310118,547.6951402896312,758.7890516627324,15,15,7,July,2024
15:27:44,2024-07-15,Bybit,ETH,bybit,1016411.0529312065,3940.705128887652,10224.383234774888,14165.08836366254,15,15,7,July,2024
15:27:47,2024-07-15,Bybit,BNB,bybit,5986198.719787971,23208.960518068845,60216.96601401831,83425.92653208716,15,15,7,July,2024
15:27:49,2024-07-15,Bybit,ADA,bybit,7948658136.168906,30817569.12682395,79957933.11380191,110775502.24062586,15,15,7,July,2024
15:27:52,2024-07-15,Bybit,DOGE,bybit,28513527941.85671,110549177.4013217,286826118.4412138,397375295.8425355,15,15,7,July,2024
15:27:55,2024-07-15,Bybit,SOL,bybit,22146406.918857053,85863.35132807713,222777.340878632,308640.6922067091,15,15,7,July,2024
15:27:57,2024-07-15,Bybit,USDT,bybit,3471072839.67904,13457620.814550132,34916561.41120189,48374182.22575202,15,15,7,July,2024
15:28:00,2024-07-15,Bybit,TONCOIN,bybit,460226588.9185602,1784334.4719359225,4629557.113105346,6413891.585041269,15,15,7,July,2024
15:28:02,2024-07-15,Bybit,USDC,bybit,3477033011.4610457,13480728.866595281,34976516.5644527,48457245.43104798,15,15,7,July,2024
15:28:05,2024-07-15,Bybit,XRP,bybit,6481478802.186081,25129200.125178106,65199136.71787419,90328336.8430523,15,15,7,July,2024
15:28:16,2024-07-15,Bybit,BTC,bybit,54438.714377595,212.21324533816954,547.779721702353,759.9929670405226,15,15,7,July,2024
15:28:18,2024-07-15,Bybit,ETH,bybit,1015825.4460690104,3959.8953992954666,10221.559904707543,14181.455304003008,15,15,7,July,2024
15:28:21,2024-07-15,Bybit,BNB,bybit,5984067.7793920515,23327.12038311847,60213.60019832652,83540.72058144498,15,15,7,July,2024
15:28:23,2024-07-15,Bybit,ADA,bybit,7943152347.627608,30964032.806022767,79926534.49240156,110890567.29842432,15,15,7,July,2024
15:28:26,2024-07-15,Bybit,DOGE,bybit,28482499832.40601,111030611.09882474,286600005.3447984,397630616.44362307,15,15,7,July,2024
15:28:29,2024-07-15,Bybit,SOL,bybit,22137060.757287174,86294.79147813201,222750.17181385835,309044.96329199034,15,15,7,July,2024
15:28:32,2024-07-15,Bybit,USDT,bybit,3469597260.5329366,13525199.907680942,34912195.181747094,48437395.08942803,15,15,7,July,2024
15:28:34,2024-07-15,Bybit,TONCOIN,bybit,459879390.163426,1792703.9417904483,4627453.224061577,6420157.165852024,15,15,7,July,2024
15:33:08,2024-07-15,Bybit,BTC,bybit,54748.420682231634,201.09915855682632,539.2094187094142,740.3085772662406,15,15,7,July,2024
15:33:10,2024-07-15,Bybit,ETH,bybit,1024657.0849715817,3763.7191179096553,10091.70208526805,13855.421203177706,15,15,7,July,2024
15:33:18,2024-07-15,Bybit,BNB,bybit,5987868.858745964,21994.340184377976,58973.66985931123,80968.01004368921,15,15,7,July,2024
15:33:25,2024-07-15,Bybit,ADA,bybit,8052414744.70599,29317801.783467155,78415251.15098889,107733052.93445605,15,15,7,July,2024
15:33:32,2024-07-15,Bybit,DOGE,bybit,29007655312.77598,105613125.4568353,282479560.3266828,388092685.7835181,15,15,7,July,2024
15:33:40,2024-07-15,Bybit,SOL,bybit,22555799.264631793,82122.75110927536,219650.71600543498,301773.4671147103,15,15,7,July,2024
15:33:47,2024-07-15,Bybit,USDT,bybit,3510306814.9520397,12780573.6121054,34183732.363321334,46964305.97542673,15,15,7,July,2024
15:33:54,2024-07-15,Bybit,TONCOIN,bybit,466096085.3393643,1696995.6311569004,4538892.090277385,6235887.721434285,15,15,7,July,2024
15:34:01,2024-07-15,Bybit,USDC,bybit,3516464454.3701925,12802992.781713393,34243696.095540814,47046688.8772542,15,15,7,July,2024
15:34:08,2024-07-15,Bybit,XRP,bybit,6584344346.120816,23972747.124156103,64119029.1278904,88091776.2520465,15,15,7,July,2024
15:34:24,2024-07-15,Bybit,BTC,bybit,55395.667728016735,201.98992669665847,540.6301754457717,742.6201021424301,15,15,7,July,2024
15:34:26,2024-07-15,Bybit,ETH,bybit,1036242.5512849756,3778.4643738151085,10113.137277380145,13891.601651195255,15,15,7,July,2024
15:34:33,2024-07-15,Bybit,BNB,bybit,6064574.233461566,22113.334040448837,59186.79142813206,81300.1254685809,15,15,7,July,2024
15:34:40,2024-07-15,Bybit,ADA,bybit,8050399348.11488,29354273.373658434,78567313.84390685,107921587.21756528,15,15,7,July,2024
15:34:47,2024-07-15,Bybit,DOGE,bybit,28998319505.554714,105736940.6577416,283007087.10460496,388744027.76234657,15,15,7,July,2024
15:34:55,2024-07-15,Bybit,SOL,bybit,22563808.86550782,82274.70280020233,220209.926985225,302484.6297854273,15,15,7,July,2024
15:35:02,2024-07-15,Bybit,USDT,bybit,3510173635.2382135,12775257.979699185,34302601.72503539,47077859.70473457,15,15,7,July,2024
15:35:09,2024-07-15,Bybit,TONCOIN,bybit,465854633.9165544,1695475.4230892682,4552488.745451267,6247964.168540535,15,15,7,July,2024
15:35:16,2024-07-15,Bybit,USDC,bybit,3516331350.312853,12797668.950442705,34362776.995461084,47160445.945903786,15,15,7,July,2024
15:35:23,2024-07-15,Bybit,XRP,bybit,6581189876.604898,23952204.99720564,64313609.14677153,88265814.14397717,15,15,7,July,2024
15:45:31,2024-07-15,Bybit,SOL,bybit,22589090.95276229,81312.22265412612,219713.77607251165,301025.9987266378,15,15,7,July,2024
15:45:34,2024-07-15,Bybit,USDT,bybit,3517961381.0262527,12663336.461870497,34217604.44981638,46880940.91168688,15,15,7,July,2024
15:45:41,2024-07-15,Bybit,TONCOIN,bybit,466582210.2985929,1679520.2892223585,4538232.17088896,6217752.460111319,15,15,7,July,2024
15:45:49,2024-07-15,Bybit,USDC,bybit,3524033487.3951015,12685193.758654853,34276665.05662892,46961858.81528377,15,15,7,July,2024
15:45:56,2024-07-15,Bybit,XRP,bybit,6579771180.443436,23684698.970677033,63998430.69256102,87683129.66323805,15,15,7,July,2024
22:24:37,2024-07-15,Bybit,BTC,bybit,61606.669196332194,282.9802093472697,381.64027403287946,664.6204833801492,22,15,7,July,2024
22:24:41,2024-07-15,Bybit,ETH,bybit,1148448.577773754,5275.211648389839,7114.395821943583,12389.607470333422,22,15,7,July,2024
22:24:51,2024-07-15,Bybit,BNB,bybit,6862313.9841563115,31520.922542568853,42510.58243494515,74031.50497751399,22,15,7,July,2024
22:25:03,2024-07-15,Bybit,ADA,bybit,8902233651.719538,40890961.56771099,55147452.9408455,96038414.50855647,22,15,7,July,2024
22:25:13,2024-07-15,Bybit,DOGE,bybit,31783734078.57635,146170597.98606372,196981086.00844347,343151683.9945072,22,15,7,July,2024
22:25:22,2024-07-15,Bybit,SOL,bybit,25306340.53098876,116381.63467856684,156837.15539432733,273218.7900728942,22,15,7,July,2024
22:25:32,2024-07-15,Bybit,USDT,bybit,3979638639.969414,18302008.138334833,24663985.020902023,42965993.159236856,22,15,7,July,2024
22:25:41,2024-07-15,Bybit,TONCOIN,bybit,523592276.37621677,2407954.8346832893,3244986.09795945,5652940.932642739,22,15,7,July,2024
22:25:52,2024-07-15,Bybit,USDC,bybit,3982977759.976323,18317364.457606524,24684679.363600943,43002043.821207464,22,15,7,July,2024
22:26:02,2024-07-15,Bybit,XRP,bybit,7117739184.435772,32733856.579774648,44112500.7844834,76846357.36425805,22,15,7,July,2024
22:26:21,2024-07-15,Bybit,BTC,bybit,61581.69442988648,279.91388611722164,381.7963857555547,661.7102718727764,22,15,7,July,2024
22:26:26,2024-07-15,Bybit,ETH,bybit,1148042.6251162724,5218.321379422051,7117.675618064673,12335.996997486725,22,15,7,July,2024
22:26:36,2024-07-15,Bybit,BNB,bybit,6860403.82412861,31183.32992496107,42533.37634056261,73716.70626552368,22,15,7,July,2024
22:26:45,2024-07-15,Bybit,ADA,bybit,8897838239.869501,40444299.281176545,55165134.90689289,95609434.18806945,22,15,7,July,2024
22:26:54,2024-07-15,Bybit,DOGE,bybit,31772583031.44077,144419332.24878097,196984793.6115764,341404125.8603574,22,15,7,July,2024
22:27:03,2024-07-15,Bybit,SOL,bybit,25335622.747561555,115013.79631155955,156925.51185968384,271939.3081712434,22,15,7,July,2024
22:34:12,2024-07-15,Bybit,BTC,bybit,61124.01192044561,265.38064494891455,399.7661356243931,665.1467805733075,22,15,7,July,2024
22:34:16,2024-07-15,Bybit,ETH,bybit,1140700.704588575,4952.552673921251,7460.464361712869,12413.017035634119,22,15,7,July,2024
22:34:26,2024-07-15,Bybit,BNB,bybit,6808974.587047579,29562.360365076678,44532.37561977205,74094.73598484872,22,15,7,July,2024
22:34:35,2024-07-15,Bybit,ADA,bybit,8794098064.628895,38181122.97950425,57515573.48974842,95696696.46925266,22,15,7,July,2024
22:34:47,2024-07-15,Bybit,DOGE,bybit,31507203597.8317,136794064.2085455,206064893.82649684,342858958.03504235,22,15,7,July,2024
22:34:56,2024-07-15,Bybit,SOL,bybit,25155756.985394947,109218.14199059865,164524.86417034184,273743.00616094045,22,15,7,July,2024
22:35:06,2024-07-15,Bybit,USDT,bybit,3949094265.3014035,17145687.10662777,25828051.923534222,42973739.030161984,22,15,7,July,2024
22:35:15,2024-07-15,Bybit,TONCOIN,bybit,519127552.38517725,2253883.5448503625,3395222.417391006,5649105.962241367,22,15,7,July,2024
22:35:24,2024-07-15,Bybit,USDC,bybit,3949976981.3804617,17161234.475112867,25850562.249309294,43011796.72442216,22,15,7,July,2024
22:35:34,2024-07-15,Bybit,XRP,bybit,7084737879.147652,30780647.2067782,46365955.657022454,77146602.86380066,22,15,7,July,2024
22:35:53,2024-07-15,Bybit,BTC,bybit,61075.50806900754,265.2779798729779,397.004491468846,662.2824713418239,22,15,7,July,2024
22:35:57,2024-07-15,Bybit,ETH,bybit,1139827.3985890513,4950.7751840547,7409.13356345424,12359.90874750894,22,15,7,July,2024
22:36:06,2024-07-15,Bybit,BNB,bybit,6802728.908320699,29547.264353230417,44219.26261827924,73766.52697150965,22,15,7,July,2024
22:36:16,2024-07-15,Bybit,ADA,bybit,8791262030.208471,38184344.35736024,57145173.605905026,95329517.96326526,22,15,7,July,2024
22:36:25,2024-07-15,Bybit,DOGE,bybit,31478479517.067394,136724977.32356963,204617172.21845618,341342149.5420258,22,15,7,July,2024
22:36:35,2024-07-15,Bybit,SOL,bybit,25139073.761567585,109190.1306135921,163409.61393939538,272599.74455298745,22,15,7,July,2024
22:36:44,2024-07-15,Bybit,USDT,bybit,3945423750.310717,17136722.64572457,25646138.67561178,42782861.32133635,22,15,7,July,2024
22:36:53,2024-07-15,Bybit,TONCOIN,bybit,518709239.51982635,2252983.9464584603,3371726.316596269,5624710.263054729,22,15,7,July,2024
22:37:02,2024-07-15,Bybit,USDC,bybit,3948771697.2645745,17151264.26204052,25667901.081196338,42819165.343236856,22,15,7,July,2024
22:37:11,2024-07-15,Bybit,XRP,bybit,7081239335.982205,30756958.48365215,46029642.821381226,76786601.30503337,22,15,7,July,2024
22:37:29,2024-07-15,Bybit,BTC,bybit,61056.33997601763,265.745589356834,394.1952861998902,659.9408755567241,22,15,7,July,2024
22:37:34,2024-07-15,Bybit,ETH,bybit,1139489.6503705592,4959.588943960277,7356.835490402301,12316.424434362578,22,15,7,July,2024
22:37:43,2024-07-15,Bybit,BNB,bybit,6801029.333480684,29601.24287123742,43909.17807419037,73510.42094542779,22,15,7,July,2024
22:37:52,2024-07-15,Bybit,ADA,bybit,8791562467.298145,38264968.88213823,56760567.11394848,95025535.99608672,22,15,7,July,2024
22:38:01,2024-07-15,Bybit,DOGE,bybit,31469657672.41521,136970586.97423843,203176127.4531511,340146714.4273895,22,15,7,July,2024
22:38:14,2024-07-15,Bybit,SOL,bybit,25134472.818997595,109396.91594814621,162274.5600253773,271671.4759735235,22,15,7,July,2024
22:38:30,2024-07-15,Bybit,USDT,bybit,3944212310.1672606,17167046.457838528,25464839.540827706,42631885.998666234,22,15,7,July,2024
22:38:39,2024-07-15,Bybit,TONCOIN,bybit,518518825.04390264,2260036.2516667065,3347466.0917369495,5607502.343403655,22,15,7,July,2024
22:38:49,2024-07-15,Bybit,USDC,bybit,3947164201.6453605,17204262.90452285,25482195.98855848,42686458.89308133,22,15,7,July,2024
22:38:59,2024-07-15,Bybit,XRP,bybit,7078433188.404479,30852333.29655943,45697116.35600353,76549449.65256295,22,15,7,July,2024
22:39:16,2024-07-15,Bybit,BTC,bybit,60985.00780513329,266.15159957527146,394.0778383027737,660.2294378780452,22,15,7,July,2024
22:39:21,2024-07-15,Bybit,ETH,bybit,1138196.9085853791,4967.334411427736,7354.892512786908,12322.226924214645,22,15,7,July,2024
22:39:30,2024-07-15,Bybit,BNB,bybit,6790382.604196189,29634.680012007633,43878.64155828068,73513.32157028832,22,15,7,July,2024
22:39:39,2024-07-15,Bybit,ADA,bybit,8781503767.875334,38324358.04492204,56745028.760997966,95069386.80592002,22,15,7,July,2024
22:39:48,2024-07-15,Bybit,DOGE,bybit,31428025284.158424,137158614.9107087,203084146.6099407,340242761.52064943,22,15,7,July,2024
22:39:57,2024-07-15,Bybit,SOL,bybit,25094111.471865725,109550.19547784625,162249.92281275653,271800.11829060275,22,15,7,July,2024
22:40:08,2024-07-15,Bybit,USDT,bybit,3937581437.824598,17189802.344954364,25459051.820673384,42648854.16562774,22,15,7,July,2024
22:40:17,2024-07-15,Bybit,TONCOIN,bybit,517868692.99830186,2260793.9959709877,3348361.4496700275,5609155.445641015,22,15,7,July,2024
22:40:26,2024-07-15,Bybit,USDC,bybit,3940765263.9742227,17203701.572964486,25479637.349178944,42683338.92214342,22,15,7,July,2024
22:40:35,2024-07-15,Bybit,XRP,bybit,7057757710.990046,30811162.122280598,45633042.04347401,76444204.1657546,22,15,7,July,2024
12:45:49,2024-07-19,Bybit,BTC,bybit,53554.273568387296,319.85988571532266,362.85723025764224,682.7171159729648,12,19,7,July,2024
12:45:55,2024-07-19,Bybit,ETH,bybit,1018880.7171013034,6085.39800868375,6903.431049217617,12988.829057901366,12,19,7,July,2024
12:46:04,2024-07-19,Bybit,BNB,bybit,5918263.257027131,35347.59941442515,40099.22029169455,75446.8197061197,12,19,7,July,2024
12:46:13,2024-07-19,Bybit,ADA,bybit,8140285424.192856,50378301.48847785,55300297.91047032,105678599.39894816,12,19,7,July,2024
12:46:26,2024-07-19,Bybit,DOGE,bybit,28497754115.836315,176365861.1189871,193596933.06347921,369962794.18246627,12,19,7,July,2024
12:46:35,2024-07-19,Bybit,SOL,bybit,20886834.170886435,129263.67739803085,141892.83199134743,271156.50938937825,12,19,7,July,2024
12:46:45,2024-07-19,Bybit,USDT,bybit,3553875170.8647943,21994093.017689824,24142931.78238693,46137024.800076745,12,19,7,July,2024
12:46:54,2024-07-19,Bybit,TONCOIN,bybit,487783802.14487803,3018778.601130842,3313715.449626057,6332494.050756899,12,19,7,July,2024
12:47:04,2024-07-19,Bybit,USDC,bybit,3552125361.8278356,21983263.863352165,24131044.611853242,46114308.47520541,12,19,7,July,2024
12:47:13,2024-07-19,Bybit,XRP,bybit,6126414837.3404045,37914932.663386516,41619248.95423955,79534181.61762606,12,19,7,July,2024
12:47:31,2024-07-19,Bybit,BTC,bybit,53551.27453694516,332.6296395307474,365.22070948795886,697.8503490187062,12,19,7,July,2024
12:47:35,2024-07-19,Bybit,ETH,bybit,1018567.9014893523,6326.756493465903,6946.652434704565,13273.408928170467,12,19,7,July,2024
12:47:44,2024-07-19,Bybit,BNB,bybit,5912862.962636366,36727.29534195392,40325.83771333553,77053.13305528945,12,19,7,July,2024
12:47:54,2024-07-19,Bybit,ADA,bybit,8134225519.990781,50525118.701137185,55475572.54676619,106000691.24790338,12,19,7,July,2024
12:48:03,2024-07-19,Bybit,DOGE,bybit,28485394260.746403,176934844.34822202,194270929.90619043,371205774.2544124,12,19,7,July,2024
12:48:13,2024-07-19,Bybit,SOL,bybit,20875658.84029284,129667.55572218695,142372.3898003653,272039.94552255224,12,19,7,July,2024
12:48:22,2024-07-19,Bybit,USDT,bybit,3550660373.143536,22054654.912088614,24215571.185623508,46270226.09771212,12,19,7,July,2024
12:48:32,2024-07-19,Bybit,TONCOIN,bybit,487406513.9927698,3027488.224253228,3324121.6831670725,6351609.907420301,12,19,7,July,2024
12:48:41,2024-07-19,Bybit,USDC,bybit,3548599062.2220793,22041851.23720517,24201513.0059869,46243364.24319207,12,19,7,July,2024
12:48:50,2024-07-19,Bybit,XRP,bybit,6129072169.387088,38070262.267140836,41800388.61002521,79870650.87716605,12,19,7,July,2024
12:55:57,2024-07-19,Bybit,BTC,bybit,53767.68027562853,334.2164846286127,345.71928880349185,679.9357734321046,12,19,7,July,2024
12:56:01,2024-07-19,Bybit,ETH,bybit,1021359.0850909285,6348.703184007612,6567.207934218307,12915.91111822592,12,19,7,July,2024
12:56:10,2024-07-19,Bybit,BNB,bybit,5938472.2206693,36913.166041057426,38183.61480697306,75096.7808480305,12,19,7,July,2024
12:56:19,2024-07-19,Bybit,ADA,bybit,8176605208.277493,50825258.499113545,52574522.89073256,103399781.38984612,12,19,7,July,2024
12:56:46,2024-07-19,Bybit,DOGE,bybit,28667216107.226788,178193594.03885084,184326523.17825133,362520117.21710217,12,19,7,July,2024
12:56:51,2024-07-19,Bybit,SOL,bybit,21003891.24320273,130647.75612018634,134777.24020721382,265424.9963274002,12,19,7,July,2024
12:56:56,2024-07-19,Bybit,USDT,bybit,3560464653.4456935,22146692.359609973,22846699.894336946,44993392.25394692,12,19,7,July,2024
12:57:01,2024-07-19,Bybit,TONCOIN,bybit,488922272.57643914,3041179.231489575,3137304.1219215374,6178483.353411113,12,19,7,July,2024
12:57:05,2024-07-19,Bybit,USDC,bybit,3558740127.7071056,22135965.51783055,22835634.001021184,44971599.51885174,12,19,7,July,2024
12:57:15,2024-07-19,Bybit,XRP,bybit,6165268373.628636,38349012.0743222,39561138.786766134,77910150.86108835,12,19,7,July,2024
13:05:13,2024-07-19,Bybit,BTC,bybit,53628.11647515089,345.36786916585794,336.4788780721261,681.8467472379841,13,19,7,July,2024
13:05:18,2024-07-19,Bybit,ETH,bybit,1019946.2472894682,6568.5070676181285,6399.4484896902195,12967.955557308349,13,19,7,July,2024
13:05:28,2024-07-19,Bybit,BNB,bybit,5947561.531957787,38306.199966375534,37320.28397979004,75626.48394616556,13,19,7,July,2024
13:05:39,2024-07-19,Bybit,ADA,bybit,8161636773.993705,52566297.740279675,51213358.7031722,103779656.44345187,13,19,7,July,2024
13:05:49,2024-07-19,Bybit,DOGE,bybit,28629923819.872322,184395500.73979983,179649572.60823408,364045073.34803385,13,19,7,July,2024
13:06:00,2024-07-19,Bybit,SOL,bybit,21003602.98799402,135276.9890230321,131795.26162088758,267072.25064391963,13,19,7,July,2024
13:06:09,2024-07-19,Bybit,USDT,bybit,3552453832.2741694,22880134.344001815,22291250.81484006,45171385.15884187,13,19,7,July,2024
13:06:19,2024-07-19,Bybit,TONCOIN,bybit,488310943.07260823,3145042.977798571,3064096.599587424,6209139.577385995,13,19,7,July,2024
13:06:28,2024-07-19,Bybit,USDC,bybit,3550741675.865958,22869106.932953734,22280507.22471007,45149614.1576638,13,19,7,July,2024
13:06:38,2024-07-19,Bybit,XRP,bybit,6161158217.810693,39681902.81811941,38660579.31433001,78342482.13244942,13,19,7,July,2024
13:06:58,2024-07-19,Bybit,BTC,bybit,53605.04413616333,344.83371387036686,335.99857820308114,680.832292073448,13,19,7,July,2024
13:07:03,2024-07-19,Bybit,ETH,bybit,1019685.6350913792,6559.494357203799,6391.4306783244265,12950.925035528226,13,19,7,July,2024
13:07:13,2024-07-19,Bybit,BNB,bybit,5946316.659005624,38251.81921622238,37271.75259656796,75523.57181279034,13,19,7,July,2024
13:07:24,2024-07-19,Bybit,ADA,bybit,8160363020.759842,52494468.24129461,51149484.470745385,103643952.71203999,13,19,7,July,2024
13:07:33,2024-07-19,Bybit,DOGE,bybit,28622562508.190563,184124921.2502281,179407375.97103998,363532297.22126806,13,19,7,July,2024
13:07:43,2024-07-19,Bybit,SOL,bybit,20997625.591953903,135074.77387651606,131613.96391384635,266688.73779036244,13,19,7,July,2024
13:07:53,2024-07-19,Bybit,USDT,bybit,3551603312.3988285,22846964.87326577,22261592.776160154,45108557.649425924,13,19,7,July,2024
13:08:03,2024-07-19,Bybit,TONCOIN,bybit,488204035.00130934,3140547.932175424,3060082.5776166916,6200630.509792116,13,19,7,July,2024
13:08:12,2024-07-19,Bybit,USDC,bybit,3549923688.115576,22836160.086350016,22251064.82342394,45087224.90977395,13,19,7,July,2024
13:08:22,2024-07-19,Bybit,XRP,bybit,6158660371.963393,39617796.47333002,38602731.55188684,78220528.02521686,13,19,7,July,2024
13:08:41,2024-07-19,Bybit,BTC,bybit,53593.041402384726,345.13342419081744,336.35225985863804,681.4856840494555,13,19,7,July,2024
13:08:46,2024-07-19,Bybit,ETH,bybit,1019478.1773816294,6565.329845823581,6398.289402243522,12963.619248067103,13,19,7,July,2024
13:08:55,2024-07-19,Bybit,BNB,bybit,5945331.343944218,38287.29460002541,37313.15821637714,75600.45281640254,13,19,7,July,2024
13:09:04,2024-07-19,Bybit,ADA,bybit,8158472486.499506,52539685.596325465,51202928.32842523,103742613.92475069,13,19,7,July,2024
13:09:13,2024-07-19,Bybit,DOGE,bybit,28618576784.890537,184300557.3629863,179611433.19452596,363911990.5575122,13,19,7,July,2024
13:09:23,2024-07-19,Bybit,SOL,bybit,20989754.598445375,135171.76274985695,131732.6131961452,266904.37594600214,13,19,7,July,2024
13:09:33,2024-07-19,Bybit,USDT,bybit,3551038530.703815,22794833.788129196,22335733.04457407,45130566.83270327,13,19,7,July,2024
13:09:42,2024-07-19,Bybit,TONCOIN,bybit,488250926.85616356,3134181.3467679806,3071057.175733791,6205238.522501772,13,19,7,July,2024
13:09:52,2024-07-19,Bybit,USDC,bybit,3549193362.0074434,22782989.277465295,22324127.089001354,45107116.36646665,13,19,7,July,2024
13:10:02,2024-07-19,Bybit,XRP,bybit,6158855286.726976,39534936.43400623,38738680.62964458,78273617.06365082,13,19,7,July,2024
13:10:21,2024-07-19,Bybit,BTC,bybit,53575.26605258393,343.8117035685838,336.68093774241044,680.4926413109943,13,19,7,July,2024
13:10:25,2024-07-19,Bybit,ETH,bybit,1019002.447576515,6539.304295716905,6403.677011610955,12942.981307327858,13,19,7,July,2024
13:10:34,2024-07-19,Bybit,BNB,bybit,5944892.692820057,38150.509271289215,37359.255381618896,75509.76465290811,13,19,7,July,2024
13:10:44,2024-07-19,Bybit,ADA,bybit,8154076152.3375,52327632.12433749,51242340.125711955,103569972.25004944,13,19,7,July,2024
13:10:54,2024-07-19,Bybit,DOGE,bybit,28611604648.371323,183610932.0732513,179802782.0127674,363413714.08601874,13,19,7,July,2024
13:11:03,2024-07-19,Bybit,SOL,bybit,20969293.31162445,134567.4783774816,131776.50539381453,266343.9837712961,13,19,7,July,2024
13:11:13,2024-07-19,Bybit,USDT,bybit,3550321754.24811,22783688.453298386,22311147.39279737,45094835.846095756,13,19,7,July,2024
13:11:22,2024-07-19,Bybit,TONCOIN,bybit,488233158.5481249,3133167.34282471,3068184.4397297897,6201351.7825545,13,19,7,July,2024
13:11:32,2024-07-19,Bybit,USDC,bybit,3548459329.974458,22771736.60854855,22299443.433169585,45071180.04171813,13,19,7,July,2024
13:11:43,2024-07-19,Bybit,XRP,bybit,6157619537.504189,39515653.7540779,38696086.32672221,78211740.0808001,13,19,7,July,2024
13:12:02,2024-07-19,Bybit,BTC,bybit,53582.30013281671,346.7781101638219,336.92938148427436,683.7074916480963,13,19,7,July,2024
13:12:07,2024-07-19,Bybit,ETH,bybit,1019208.6085095195,6596.193784991406,6408.857499908681,13005.051284900088,13,19,7,July,2024
13:12:16,2024-07-19,Bybit,BNB,bybit,5946360.472810965,38484.11960671533,37391.145046415826,75875.26465313115,13,19,7,July,2024
13:12:26,2024-07-19,Bybit,ADA,bybit,8153665475.375719,52794172.133292116,51271779.760184295,104065951.89347641,13,19,7,July,2024
13:12:37,2024-07-19,Bybit,DOGE,bybit,28612627087.424614,185263911.57463872,179921572.55128476,365185484.12592345,13,19,7,July,2024
13:12:46,2024-07-19,Bybit,SOL,bybit,20963717.27676213,135737.98211436317,131823.79120347588,267561.773317839,13,19,7,July,2024
13:12:57,2024-07-19,Bybit,USDT,bybit,3550895828.2152405,22991696.94272328,22328699.82285111,45320396.76557439,13,19,7,July,2024
13:13:08,2024-07-19,Bybit,TONCOIN,bybit,488200173.64963067,3161047.5167273204,3069894.375461139,6230941.892188459,13,19,7,July,2024
13:15:33,2024-07-19,Bybit,USDT,bybit,3550895828.2152405,22991696.94272328,22328699.82285111,45320396.76557439,13,19,7,July,2024
13:15:37,2024-07-19,Bybit,TONCOIN,bybit,488200173.64963067,3161047.5167273204,3069894.375461139,6230941.892188459,13,19,7,July,2024
13:15:46,2024-07-19,Bybit,USDC,bybit,3549019318.522825,22979546.72929959,22316899.97749837,45296446.70679796,13,19,7,July,2024
13:15:57,2024-07-19,Bybit,XRP,bybit,6158134967.294875,39873310.77847901,38723509.16654247,78596819.94502148,13,19,7,July,2024
13:16:16,2024-07-19,Bybit,BTC,bybit,53561.863589593944,347.5883416582141,346.2832719189499,693.871613577164,13,19,7,July,2024
13:16:20,2024-07-19,Bybit,ETH,bybit,1018558.6048439225,6609.909973486926,6585.092128778714,13195.00210226564,13,19,7,July,2024
13:16:29,2024-07-19,Bybit,BNB,bybit,5946253.861364905,38588.0621067884,38443.17775332543,77031.23986011383,13,19,7,July,2024
13:16:38,2024-07-19,Bybit,ADA,bybit,8153512596.74911,52912011.12621458,52713345.47409574,105625356.60031033,13,19,7,July,2024
13:16:49,2024-07-19,Bybit,DOGE,bybit,28614121178.540695,185690606.37368208,184993404.64911386,370684011.022796,13,19,7,July,2024
13:16:58,2024-07-19,Bybit,SOL,bybit,20961158.232690334,136026.89938428055,135516.1670931299,271543.06647741044,13,19,7,July,2024
13:17:08,2024-07-19,Bybit,USDT,bybit,3550921105.442318,23043611.549013406,22957091.040378086,46000702.58939149,13,19,7,July,2024
13:17:18,2024-07-19,Bybit,TONCOIN,bybit,488164346.7673673,3168209.4907192793,3156313.9987263083,6324523.489445588,13,19,7,July,2024
13:17:27,2024-07-19,Bybit,USDC,bybit,3549001228.484979,23033184.314090773,22946702.955966096,45979887.270056866,13,19,7,July,2024
13:17:36,2024-07-19,Bybit,XRP,bybit,6155010148.237051,39946304.34657884,39796320.279901594,79742624.62648043,13,19,7,July,2024
13:17:54,2024-07-19,Bybit,BTC,bybit,53547.5995290643,347.58834165448707,346.28327191423574,693.8716135687229,13,19,7,July,2024
13:17:59,2024-07-19,Bybit,ETH,bybit,1018185.7854756754,6609.319677088409,6585.537751761531,13194.85742884994,13,19,7,July,2024
13:18:08,2024-07-19,Bybit,BNB,bybit,5945045.155780196,38590.898134489704,38452.03878094487,77042.93691543458,13,19,7,July,2024
13:18:18,2024-07-19,Bybit,ADA,bybit,8151447010.953339,52913250.11089981,52722855.48264448,105636105.5935443,13,19,7,July,2024
13:18:27,2024-07-19,Bybit,DOGE,bybit,28609098588.2573,185709406.81006837,185041179.60045615,370750586.41052455,13,19,7,July,2024
13:18:36,2024-07-19,Bybit,SOL,bybit,20953661.516942598,136015.89154603987,135526.47358261014,271542.36512865004,13,19,7,July,2024
13:18:45,2024-07-19,Bybit,USDT,bybit,3549589761.8435564,23041348.43876648,22958440.113133375,45999788.55189986,13,19,7,July,2024
13:18:55,2024-07-19,Bybit,TONCOIN,bybit,488079673.9865369,3168257.3448607437,3156857.1912484122,6325114.536109157,13,19,7,July,2024
13:19:04,2024-07-19,Bybit,USDC,bybit,3547983920.3457184,23030924.4867124,22948053.668971404,45978978.15568381,13,19,7,July,2024
13:19:15,2024-07-19,Bybit,XRP,bybit,6153635675.997809,39944915.69139785,39801184.256307125,79746099.94770499,13,19,7,July,2024
13:23:55,2024-07-19,Bybit,BTC,bybit,53614.068470430415,287.7492077477232,380.06664858502046,667.8158563327437,13,19,7,July,2024
13:23:59,2024-07-19,Bybit,ETH,bybit,1019827.4197218324,5469.799635610471,7229.03145334049,12698.831088950961,13,19,7,July,2024
13:24:09,2024-07-19,Bybit,BNB,bybit,5970270.935281272,32021.286302739907,42320.17647445189,74341.46277719179,13,19,7,July,2024
13:24:18,2024-07-19,Bybit,ADA,bybit,8162828051.295623,43780970.22798836,57862084.887972,101643055.11596036,13,19,7,July,2024
13:24:28,2024-07-19,Bybit,DOGE,bybit,28592991785.769005,153357257.34210163,202680995.79123858,356038253.1333402,13,19,7,July,2024
13:24:37,2024-07-19,Bybit,SOL,bybit,20973529.94964383,112490.60797690495,148670.5542148586,261161.16219176355,13,19,7,July,2024
13:24:46,2024-07-19,Bybit,USDT,bybit,3560851647.6809244,19098471.631857716,25241043.792278063,44339515.424135774,13,19,7,July,2024
13:24:56,2024-07-19,Bybit,TONCOIN,bybit,489273088.18832386,2624194.748770797,3468204.9878117326,6092399.73658253,13,19,7,July,2024
13:25:05,2024-07-19,Bybit,USDC,bybit,3559036490.086997,19088736.11371628,25228177.074747708,44316913.188463986,13,19,7,July,2024
13:25:14,2024-07-19,Bybit,XRP,bybit,6149064788.249015,32980239.291157402,43587554.034392655,76567793.32555006,13,19,7,July,2024
13:25:33,2024-07-19,Bybit,BTC,bybit,53610.24980694705,287.5362234710346,380.0154561264583,667.5516795974928,13,19,7,July,2024
13:25:37,2024-07-19,Bybit,ETH,bybit,1019827.4197218324,5469.799635610471,7229.03145334049,12698.831088950961,13,19,7,July,2024
13:25:47,2024-07-19,Bybit,BNB,bybit,5970270.935281272,32021.286302739907,42320.17647445189,74341.46277719179,13,19,7,July,2024
13:25:56,2024-07-19,Bybit,ADA,bybit,8162828051.295623,43780970.22798836,57862084.887972,101643055.11596036,13,19,7,July,2024
13:26:06,2024-07-19,Bybit,DOGE,bybit,28592991785.769005,153357257.34210163,202680995.79123858,356038253.1333402,13,19,7,July,2024
13:26:15,2024-07-19,Bybit,SOL,bybit,20973529.94964383,112490.60797690495,148670.5542148586,261161.16219176355,13,19,7,July,2024
13:26:25,2024-07-19,Bybit,USDT,bybit,3560851647.6809244,19098471.631857716,25241043.792278063,44339515.424135774,13,19,7,July,2024
13:26:33,2024-07-19,Bybit,TONCOIN,bybit,489273088.18832386,2624194.748770797,3468204.9878117326,6092399.73658253,13,19,7,July,2024
13:26:43,2024-07-19,Bybit,USDC,bybit,3559036490.086997,19088736.11371628,25228177.074747708,44316913.188463986,13,19,7,July,2024
13:26:53,2024-07-19,Bybit,XRP,bybit,6148454749.025802,32698251.48933587,43643608.87734657,76341860.36668243,13,19,7,July,2024
13:27:13,2024-07-19,Bybit,BTC,bybit,53608.84825611239,285.0985611644536,380.53197122830016,665.6305323927537,13,19,7,July,2024
13:27:17,2024-07-19,Bybit,ETH,bybit,1019579.6052898244,5422.2518840928005,7237.2873069675015,12659.539191060301,13,19,7,July,2024
13:27:23,2024-07-19,Bybit,BNB,bybit,5969168.948993924,31744.787177211274,42370.983534353974,74115.77071156524,13,19,7,July,2024
13:27:32,2024-07-19,Bybit,ADA,bybit,8161673426.769528,43404800.258898325,57934049.66979735,101338849.92869566,13,19,7,July,2024
13:27:41,2024-07-19,Bybit,DOGE,bybit,28578593842.09231,151581388.90816197,202823702.37564716,354405091.2838091,13,19,7,July,2024
13:27:51,2024-07-19,Bybit,SOL,bybit,20970815.05703406,111229.5898967397,148830.91782626402,260060.5077230037,13,19,7,July,2024
13:28:01,2024-07-19,Bybit,USDT,bybit,3560925469.149759,18887214.374318242,25272065.222220022,44159279.59653827,13,19,7,July,2024
13:28:11,2024-07-19,Bybit,TONCOIN,bybit,489276828.5176316,2595133.3238113355,3472421.995108744,6067555.31892008,13,19,7,July,2024
13:28:20,2024-07-19,Bybit,USDC,bybit,3559082129.4546843,18877437.266572744,25258982.94869191,44136420.215264656,13,19,7,July,2024
13:28:30,2024-07-19,Bybit,XRP,bybit,6148433616.295486,32611405.31676591,43635739.27948864,76247144.59625454,13,19,7,July,2024
13:28:50,2024-07-19,Bybit,BTC,bybit,53608.70834288561,284.3415779337112,380.4636703176665,664.8052482513777,13,19,7,July,2024
13:28:55,2024-07-19,Bybit,ETH,bybit,1019433.2104941732,5407.092553245792,7234.96821500658,12642.060768252373,13,19,7,July,2024
13:29:00,2024-07-19,Bybit,BNB,bybit,5969176.5780006265,31660.62267901843,42363.543160087305,74024.16583910574,13,19,7,July,2024
13:29:09,2024-07-19,Bybit,ADA,bybit,8160091277.573374,43281274.65985191,57912573.78811207,101193848.44796397,13,19,7,July,2024
13:29:18,2024-07-19,Bybit,DOGE,bybit,28578593842.09231,151581388.90816197,202823702.37564716,354405091.2838091,13,19,7,July,2024
13:29:28,2024-07-19,Bybit,SOL,bybit,20970815.05703406,111229.5898967397,148830.91782626402,260060.5077230037,13,19,7,July,2024
13:29:37,2024-07-19,Bybit,USDT,bybit,3560925469.149759,18887214.374318242,25272065.222220022,44159279.59653827,13,19,7,July,2024
13:29:47,2024-07-19,Bybit,TONCOIN,bybit,489276828.5176316,2595133.3238113355,3472421.995108744,6067555.31892008,13,19,7,July,2024
13:34:51,2024-07-19,Bybit,BTC,bybit,54055.61299832984,291.704431512935,375.32181037174354,667.0262418846785,13,19,7,July,2024
13:34:55,2024-07-19,Bybit,ETH,bybit,1025637.1674529812,5534.724153061639,7121.25859131213,12655.982744373769,13,19,7,July,2024
13:35:05,2024-07-19,Bybit,BNB,bybit,6028580.334054054,32532.488332518442,41857.95996834903,74390.44830086747,13,19,7,July,2024
13:35:14,2024-07-19,Bybit,ADA,bybit,8230022887.457844,44412300.86130945,57143133.12138373,101555433.98269317,13,19,7,July,2024
20:08:22,2024-07-19,Bybit,USDT,bybit,3831878241.959991,19894259.637876585,24820562.837533608,44714822.47541019,20,19,7,July,2024
20:08:26,2024-07-19,Bybit,TONCOIN,bybit,524841635.44677526,2724861.0485611917,3399603.00661782,6124464.055179012,20,19,7,July,2024
20:08:35,2024-07-19,Bybit,USDC,bybit,3832550281.6118894,19897748.718290314,24824915.89923233,44722664.61752265,20,19,7,July,2024
20:08:45,2024-07-19,Bybit,XRP,bybit,6681967134.869041,34691287.32150122,43281694.94877262,77972982.27027383,20,19,7,July,2024
20:20:43,2024-07-19,Bybit,BTC,bybit,57181.180944849526,306.3703510237283,371.67664413982146,678.0469951635498,20,19,7,July,2024
20:20:47,2024-07-19,Bybit,ETH,bybit,1090383.857261158,5842.154351829589,7087.475393030776,12929.629744860365,20,19,7,July,2024
20:20:57,2024-07-19,Bybit,BNB,bybit,6429657.277875066,34406.902101326144,41718.630743802496,76125.53284512865,20,19,7,July,2024
20:21:06,2024-07-19,Bybit,ADA,bybit,8707085276.855896,46594059.02388756,56495651.295429535,103089710.3193171,20,19,7,July,2024
20:21:15,2024-07-19,Bybit,DOGE,bybit,30314599310.612152,162221935.88922867,196695332.29051405,358917268.17974275,20,19,7,July,2024
20:21:25,2024-07-19,Bybit,SOL,bybit,22551331.759811938,120678.51062363472,146323.61287840025,267002.123502035,20,19,7,July,2024
20:21:34,2024-07-19,Bybit,USDT,bybit,3816041220.5754323,20420708.447831403,24760264.459528048,45180972.90735946,20,19,7,July,2024
20:21:43,2024-07-19,Bybit,TONCOIN,bybit,521982082.6854696,2793272.7424533586,3386864.4659133297,6180137.208366689,20,19,7,July,2024
20:21:53,2024-07-19,Bybit,USDC,bybit,3816485856.9494014,20423087.82196111,24763149.46877492,45186237.290736035,20,19,7,July,2024
20:22:02,2024-07-19,Bybit,XRP,bybit,6648614207.981784,35578602.136491716,43139325.95680421,78717928.09329593,20,19,7,July,2024
20:22:21,2024-07-19,Bybit,BTC,bybit,57207.22176181525,305.8394622052105,370.3197404158012,676.1592026210118,20,19,7,July,2024
20:22:25,2024-07-19,Bybit,ETH,bybit,1091207.2851344002,5833.778305638224,7063.716540077262,12897.494845715488,20,19,7,July,2024
20:22:34,2024-07-19,Bybit,BNB,bybit,6430007.171024705,34375.9035065478,41623.39147249042,75999.29497903823,20,19,7,July,2024
20:22:43,2024-07-19,Bybit,ADA,bybit,8709384196.149252,46561837.765503906,56378492.00452294,102940329.77002686,20,19,7,July,2024
20:22:52,2024-07-19,Bybit,DOGE,bybit,30325566803.827515,162125598.07512826,196306614.46054283,358432212.5356711,20,19,7,July,2024
20:23:02,2024-07-19,Bybit,SOL,bybit,22555723.681921497,120586.70545565235,146010.05749863325,266596.76295428566,20,19,7,July,2024
20:23:12,2024-07-19,Bybit,USDT,bybit,3816189113.9084096,20401991.04809826,24703352.45301949,45105343.50111775,20,19,7,July,2024
20:23:21,2024-07-19,Bybit,TONCOIN,bybit,522056860.9302732,2791004.08427855,3379432.793064417,6170436.877342967,20,19,7,July,2024
20:23:30,2024-07-19,Bybit,USDC,bybit,3816668238.6964135,20404552.530075178,24706453.973450933,45111006.503526114,20,19,7,July,2024
20:23:40,2024-07-19,Bybit,XRP,bybit,6646509584.914912,35533361.94957445,43024877.4255232,78558239.37509766,20,19,7,July,2024
20:23:58,2024-07-19,Bybit,BTC,bybit,57185.883828630154,305.46169214832815,366.3894294626079,671.851121610936,20,19,7,July,2024
20:24:03,2024-07-19,Bybit,ETH,bybit,1090776.7984506162,5826.447093295585,6988.59687214079,12815.043965436374,20,19,7,July,2024
20:24:08,2024-07-19,Bybit,BNB,bybit,6426865.78186308,34329.47373553098,41176.86969927832,75506.3434348093,20,19,7,July,2024
20:24:17,2024-07-19,Bybit,ADA,bybit,8705261686.180313,46499656.684913464,55774531.21263942,102274187.8975529,20,19,7,July,2024
20:24:27,2024-07-19,Bybit,DOGE,bybit,30317343408.136227,161941835.97202417,194242939.17387673,356184775.1459009,20,19,7,July,2024
20:24:36,2024-07-19,Bybit,SOL,bybit,22543685.641063314,120418.39527767466,144437.18566570996,264855.5809433846,20,19,7,July,2024
20:24:46,2024-07-19,Bybit,USDT,bybit,3814193067.5382767,20373731.952488624,24437499.751921892,44811231.704410516,20,19,7,July,2024
20:24:55,2024-07-19,Bybit,TONCOIN,bybit,521765058.2113096,2787038.1100117625,3342943.908403093,6129982.018414855,20,19,7,July,2024
20:25:05,2024-07-19,Bybit,USDC,bybit,3814889464.2089767,20377451.795414824,24441961.558958434,44819413.354373254,20,19,7,July,2024
20:25:14,2024-07-19,Bybit,XRP,bybit,6643154262.157812,35484791.110374846,42562627.99466462,78047419.10503946,20,19,7,July,2024
20:25:32,2024-07-19,Bybit,BTC,bybit,57181.881810887375,305.8115778652682,366.4006856104456,672.2122634757137,20,19,7,July,2024
20:25:36,2024-07-19,Bybit,ETH,bybit,1089989.8896999308,5829.320712611795,6984.258479203606,12813.579191815401,20,19,7,July,2024
20:25:46,2024-07-19,Bybit,BNB,bybit,6425465.517144385,34363.71252725484,41172.04429602601,75535.75682328084,20,19,7,July,2024
20:25:55,2024-07-19,Bybit,ADA,bybit,8704028027.387836,46549579.35176225,55772243.5115842,102321822.86334644,20,19,7,July,2024
20:26:04,2024-07-19,Bybit,DOGE,bybit,30318989529.01992,162147479.82261693,194273049.410796,356420529.23341286,20,19,7,July,2024
20:26:13,2024-07-19,Bybit,SOL,bybit,22537619.936621547,120532.32415365666,144412.8653218528,264945.1894755094,20,19,7,July,2024
20:26:23,2024-07-19,Bybit,USDT,bybit,3813376660.8019986,20394130.04089712,24434729.6514242,44828859.692321315,20,19,7,July,2024
20:26:32,2024-07-19,Bybit,TONCOIN,bybit,521660394.6340828,2789866.0089653265,3342609.9351167437,6132475.944082069,20,19,7,July,2024
20:26:41,2024-07-19,Bybit,USDC,bybit,3813721717.5838966,20400872.13581606,24429515.2576974,44830387.39351346,20,19,7,July,2024
20:26:51,2024-07-19,Bybit,XRP,bybit,6644772803.887069,35545110.62478065,42564348.061381824,78109458.68616247,20,19,7,July,2024
21:11:03,2024-07-19,Bybit,BTC,bybit,57250.88964768099,298.27064549999915,368.7522817687893,667.0229272687885,21,19,7,July,2024
21:11:07,2024-07-19,Bybit,ETH,bybit,1091434.4625879617,5686.249832630199,7029.916058198855,12716.165890829056,21,19,7,July,2024
21:11:16,2024-07-19,Bybit,BNB,bybit,6461751.378754266,33826.990277974015,41556.49053482919,75383.48081280322,21,19,7,July,2024
21:11:25,2024-07-19,Bybit,ADA,bybit,8731875247.219257,45710990.99654799,56155997.003451996,101866987.99999999,21,19,7,July,2024
21:11:34,2024-07-19,Bybit,DOGE,bybit,30454551656.74299,159428266.80083564,195857781.193354,355286047.9941897,21,19,7,July,2024
21:11:44,2024-07-19,Bybit,SOL,bybit,22420730.149051767,117371.55707827107,144191.07229759323,261562.62937586432,21,19,7,July,2024
21:11:53,2024-07-19,Bybit,USDT,bybit,3811503142.8817964,19953054.861046996,24512347.349268477,44465402.21031548,21,19,7,July,2024
21:12:03,2024-07-19,Bybit,TONCOIN,bybit,522631847.6803526,2735955.222382938,3361123.6580129657,6097078.880395904,21,19,7,July,2024
21:12:12,2024-07-19,Bybit,USDC,bybit,3811891966.6647344,19955090.336811125,24514847.933229122,44469938.27004025,21,19,7,July,2024
21:12:21,2024-07-19,Bybit,XRP,bybit,6607510116.438501,34590030.99458001,42493886.79907718,77083917.7936572,21,19,7,July,2024
21:45:01,2024-07-19,Bybit,BTC,bybit,57344.97523471616,301.42097211068364,378.3007541592585,679.7217262699421,21,19,7,July,2024
21:45:05,2024-07-19,Bybit,ETH,bybit,1093891.2671584906,5749.793556989611,7216.3234815342785,12966.117038523891,21,19,7,July,2024
21:45:14,2024-07-19,Bybit,BNB,bybit,6476930.229409585,34044.52784312678,42727.85157537566,76772.37941850245,21,19,7,July,2024
21:45:23,2024-07-19,Bybit,ADA,bybit,8748067956.955524,45982252.793432705,57710386.86488499,103692639.6583177,21,19,7,July,2024
21:45:32,2024-07-19,Bybit,DOGE,bybit,30489759017.211178,160201099.09219313,201175766.27380946,361376865.36600256,21,19,7,July,2024
21:45:41,2024-07-19,Bybit,SOL,bybit,22470693.1296853,118066.84778016478,148264.82906986095,266331.6768500257,21,19,7,July,2024
21:45:51,2024-07-19,Bybit,USDT,bybit,3812902639.3280897,20033979.05529774,25158073.888391804,45192052.94368954,21,19,7,July,2024
21:46:01,2024-07-19,Bybit,TONCOIN,bybit,522759354.79620284,2757750.5892655835,3442008.702072616,6199759.291338199,21,19,7,July,2024
21:46:10,2024-07-19,Bybit,USDC,bybit,3813220100.027728,20116158.38410094,25107416.341368914,45223574.72546985,21,19,7,July,2024
21:46:19,2024-07-19,Bybit,XRP,bybit,6594982663.145863,34790993.520483464,43423398.373072945,78214391.8935564,21,19,7,July,2024
21:46:44,2024-07-19,Bybit,BTC,bybit,57318.1755010112,303.8215577496091,376.95709510280903,680.7786528524182,21,19,7,July,2024
21:46:48,2024-07-19,Bybit,ETH,bybit,1093316.0899956047,5795.247226062111,7190.271736870509,12985.518962932621,21,19,7,July,2024
21:46:58,2024-07-19,Bybit,BNB,bybit,6473630.282048736,34314.21917036403,42574.294184357255,76888.51335472129,21,19,7,July,2024
21:47:07,2024-07-19,Bybit,ADA,bybit,8745943737.082657,46358877.039692454,57518326.713053204,103877203.75274566,21,19,7,July,2024
21:47:18,2024-07-19,Bybit,DOGE,bybit,30479770394.07539,161561515.87230876,200452397.63342714,362013913.50573593,21,19,7,July,2024
21:47:27,2024-07-19,Bybit,SOL,bybit,22459212.321445014,119047.62867426331,147704.62180604073,266752.25048030406,21,19,7,July,2024
21:47:38,2024-07-19,Bybit,USDT,bybit,3811362675.864112,20202564.63517971,25065700.192282956,45268264.82746267,21,19,7,July,2024
21:47:53,2024-07-19,Bybit,TONCOIN,bybit,522617210.3612702,2770192.4140260713,3437029.59395563,6207222.007981702,21,19,7,July,2024
21:48:08,2024-07-19,Bybit,USDC,bybit,3811652474.6355267,20209959.560483266,25079146.619862728,45289106.180346,21,19,7,July,2024
21:48:23,2024-07-19,Bybit,XRP,bybit,6594888404.993099,34967098.61608123,43391724.28521824,78358822.90129946,21,19,7,July,2024
21:49:00,2024-07-19,Bybit,BTC,bybit,57364.734370321974,303.7600837229507,376.7803044133947,680.5403881363454,21,19,7,July,2024
21:49:11,2024-07-19,Bybit,ETH,bybit,1094103.8010176893,5793.543120992344,7186.240252522996,12979.78337351534,21,19,7,July,2024
21:49:21,2024-07-19,Bybit,BNB,bybit,6477302.016141949,34298.874113501326,42543.90527923508,76842.7793927364,21,19,7,July,2024
21:49:31,2024-07-19,Bybit,ADA,bybit,8752269545.65724,46345375.06601119,57486238.19004201,103831613.25605321,21,19,7,July,2024
21:53:11,2024-07-19,Bybit,BTC,bybit,57449.12093293056,303.19278562297103,370.4859656223669,673.6787512453379,21,19,7,July,2024
21:53:15,2024-07-19,Bybit,ETH,bybit,1094675.4483960595,5773.983209110127,7056.397997984559,12830.381207094686,21,19,7,July,2024
21:53:25,2024-07-19,Bybit,BNB,bybit,6481257.509190518,34186.08875061319,41778.89673079381,75964.98548140698,21,19,7,July,2024
21:53:34,2024-07-19,Bybit,ADA,bybit,8756346504.165436,46186289.97506197,56444369.91090418,102630659.88596614,21,19,7,July,2024
21:53:44,2024-07-19,Bybit,DOGE,bybit,30579458956.722958,161294640.17713895,197118546.21188164,358413186.38902056,21,19,7,July,2024
21:53:53,2024-07-19,Bybit,SOL,bybit,22458220.85517694,118458.2976756066,144768.1547192505,263226.4523948571,21,19,7,July,2024
21:54:02,2024-07-19,Bybit,USDT,bybit,3812719090.7800856,20110596.289954294,24577205.4159783,44687801.705932595,21,19,7,July,2024
21:54:12,2024-07-19,Bybit,TONCOIN,bybit,522913061.1366023,2758161.0962875304,3370754.9421436177,6128916.038431147,21,19,7,July,2024
21:54:22,2024-07-19,Bybit,USDC,bybit,3813413482.5270424,20114258.933793932,24581681.541336022,44695940.47512995,21,19,7,July,2024
21:54:32,2024-07-19,Bybit,XRP,bybit,6599380340.392731,34809140.30892982,42540329.455746986,77349469.76467681,21,19,7,July,2024
21:54:50,2024-07-19,Bybit,BTC,bybit,57438.98066032989,302.8602682452932,370.68190592432074,673.5421741696139,21,19,7,July,2024
21:54:55,2024-07-19,Bybit,ETH,bybit,1094382.3518929107,5770.383263192439,7062.5859189346365,12832.969182127074,21,19,7,July,2024
21:55:00,2024-07-19,Bybit,BNB,bybit,6479494.66989507,34164.62951219611,41815.356157982824,75979.98567017892,21,19,7,July,2024
23:02:27,2024-07-19,Bybit,BTC,bybit,57001.82052715824,302.39617917373005,374.28292416764896,676.679103341379,23,19,7,July,2024
23:02:31,2024-07-19,Bybit,ETH,bybit,1086413.2820175916,5763.451455540556,7133.560582584934,12897.012038125491,23,19,7,July,2024
23:02:35,2024-07-19,Bybit,BNB,bybit,6437911.690029602,34153.293332013825,42272.34131459587,76425.6346466097,23,19,7,July,2024
23:02:39,2024-07-19,Bybit,ADA,bybit,8722725725.298054,46274292.76673375,57274789.83976396,103549082.60649772,23,19,7,July,2024
23:02:44,2024-07-19,Bybit,DOGE,bybit,30408046995.363976,161315500.8470693,199664021.99785173,360979522.84492105,23,19,7,July,2024
23:02:48,2024-07-19,Bybit,SOL,bybit,22195009.133063175,117745.11579619805,145735.92287798296,263481.03867418104,23,19,7,July,2024
23:02:52,2024-07-19,Bybit,USDT,bybit,3796302553.1178875,20139486.360850044,24927120.001879547,45066606.362729594,23,19,7,July,2024
23:02:57,2024-07-19,Bybit,TONCOIN,bybit,518064282.98746234,2748344.847462309,3401691.611778958,6150036.459241267,23,19,7,July,2024
23:03:01,2024-07-19,Bybit,USDC,bybit,3797420446.263363,20145416.81382137,24934460.264199696,45079877.07802107,23,19,7,July,2024
23:03:05,2024-07-19,Bybit,XRP,bybit,6593160750.326137,34976893.740208104,43291731.07661903,78268624.81682713,23,19,7,July,2024
23:03:19,2024-07-19,Bybit,BTC,bybit,56981.95376089949,300.98527676047604,376.8465874783237,677.8318642387997,23,19,7,July,2024
23:03:23,2024-07-19,Bybit,ETH,bybit,1086032.3378726395,5736.548542316307,7182.406944762322,12918.955487078629,23,19,7,July,2024
23:03:27,2024-07-19,Bybit,BNB,bybit,6429664.964049922,33962.23472438467,42522.18712082476,76484.42184520942,23,19,7,July,2024
23:03:32,2024-07-19,Bybit,ADA,bybit,8717611293.882223,46047432.1219198,57653377.08227699,103700809.20419678,23,19,7,July,2024
23:03:37,2024-07-19,Bybit,DOGE,bybit,30394056501.184242,160544925.26298517,201009191.790019,361554117.05300415,23,19,7,July,2024
23:03:41,2024-07-19,Bybit,SOL,bybit,22188534.640189067,117202.40881191738,146742.4861454563,263944.8949573737,23,19,7,July,2024
23:03:45,2024-07-19,Bybit,USDT,bybit,3794970204.464749,20045471.97664484,25097798.105262473,45143270.08190731,23,19,7,July,2024
23:03:49,2024-07-19,Bybit,TONCOIN,bybit,517983720.24714226,2751455.7322602514,3432935.805275707,6184391.537535959,23,19,7,July,2024
23:03:54,2024-07-19,Bybit,USDC,bybit,3797355424.9861364,20171011.062900893,25166963.54389871,45337974.6067996,23,19,7,July,2024
23:03:58,2024-07-19,Bybit,XRP,bybit,6590425187.530322,35007399.75304791,43678026.38173459,78685426.13478251,23,19,7,July,2024
23:04:43,2024-07-19,Bybit,BTC,bybit,56917.8224478817,301.51150439229224,378.9092918914071,680.4207962836995,23,19,7,July,2024
23:04:47,2024-07-19,Bybit,ETH,bybit,1084993.519484394,5747.549963197906,7222.94192739093,12970.491890588837,23,19,7,July,2024
23:04:52,2024-07-19,Bybit,BNB,bybit,6422506.238687518,34022.02394107269,42755.453149979054,76777.47709105175,23,19,7,July,2024
23:04:57,2024-07-19,Bybit,ADA,bybit,8706943258.86638,46123401.207820326,57963245.30469637,104086646.5125167,23,19,7,July,2024
23:05:01,2024-07-19,Bybit,DOGE,bybit,30371548559.649597,160887590.26803413,202187319.60309926,363074909.8711334,23,19,7,July,2024
23:05:06,2024-07-19,Bybit,SOL,bybit,22166623.492448952,117406.5740095012,147597.40827754702,265003.98228704825,23,19,7,July,2024
23:05:10,2024-07-19,Bybit,USDT,bybit,3790511079.6467724,20076621.942804355,25239279.748391688,45315901.69119605,23,19,7,July,2024
23:05:14,2024-07-19,Bybit,TONCOIN,bybit,517101179.578807,2738850.954512796,3443140.2666758723,6181991.221188668,23,19,7,July,2024
23:05:18,2024-07-19,Bybit,USDC,bybit,3791651720.1413035,20082663.399352077,25246874.751790673,45329538.15114275,23,19,7,July,2024
23:05:23,2024-07-19,Bybit,XRP,bybit,6578420419.889209,34842916.159803815,43802693.03831936,78645609.19812317,23,19,7,July,2024
23:05:36,2024-07-19,Bybit,BTC,bybit,56900.233175768604,299.25260432054637,378.0468361473404,677.2994404678867,23,19,7,July,2024
23:05:41,2024-07-19,Bybit,ETH,bybit,1084610.1721734682,5704.237058095013,7206.182139478783,12910.419197573796,23,19,7,July,2024
23:05:45,2024-07-19,Bybit,BNB,bybit,6420401.621222402,33766.50320569989,42657.33871776172,76423.84192346162,23,19,7,July,2024
23:05:49,2024-07-19,Bybit,ADA,bybit,8703711342.456863,45775001.98353647,57827716.19918044,103602718.1827169,23,19,7,July,2024
23:05:53,2024-07-19,Bybit,DOGE,bybit,30362225308.839996,159682561.73169613,201727525.1041995,361410086.8358956,23,19,7,July,2024
23:05:57,2024-07-19,Bybit,SOL,bybit,22161137.392274942,116550.98246887168,147239.25384797677,263790.23631684843,23,19,7,July,2024
23:06:01,2024-07-19,Bybit,USDT,bybit,3789624920.8843083,19930588.394418385,25178380.32578635,45108968.72020473,23,19,7,July,2024
23:06:05,2024-07-19,Bybit,TONCOIN,bybit,516956358.75013053,2718803.2111953385,3434673.373798462,6153476.584993801,23,19,7,July,2024
23:06:10,2024-07-19,Bybit,USDC,bybit,3790814916.4685097,19936846.87980283,25186286.691727713,45123133.57153054,23,19,7,July,2024
23:06:14,2024-07-19,Bybit,XRP,bybit,6571456806.509265,34560940.32959671,43660953.8471575,78221894.1767542,23,19,7,July,2024
23:06:27,2024-07-19,Bybit,BTC,bybit,56885.272623950645,299.4088389704904,378.1898173656484,677.5986563361389,23,19,7,July,2024
23:06:31,2024-07-19,Bybit,ETH,bybit,1084325.0897030975,5707.215614852934,7208.908188780425,12916.12380363336,23,19,7,July,2024
23:06:35,2024-07-19,Bybit,BNB,bybit,6418115.978365176,33780.98697291281,42669.499463161825,76450.48643607464,23,19,7,July,2024
23:06:39,2024-07-19,Bybit,ADA,bybit,8701322940.6853,45798374.14861889,57848922.611856855,103647296.76047575,23,19,7,July,2024
23:06:43,2024-07-19,Bybit,DOGE,bybit,30354883608.459484,159769304.76143393,201808084.21062878,361577388.9720627,23,19,7,July,2024
23:06:48,2024-07-19,Bybit,SOL,bybit,22155278.515984662,116611.6625895521,147294.72760085727,263906.3901904094,23,19,7,July,2024
23:06:52,2024-07-19,Bybit,USDT,bybit,3788671679.7615204,19941220.9268409,25188189.922186296,45129410.8490272,23,19,7,July,2024
23:06:56,2024-07-19,Bybit,TONCOIN,bybit,516769487.02008325,2717321.706448266,3435428.204983003,6152749.911431269,23,19,7,July,2024
23:07:00,2024-07-19,Bybit,USDC,bybit,3789506608.6814423,19926309.16325571,25192234.087783463,45118543.25103917,23,19,7,July,2024
23:07:04,2024-07-19,Bybit,XRP,bybit,6568873060.613419,34541012.584619574,43669164.59699437,78210177.18161394,23,19,7,July,2024
23:07:17,2024-07-19,Bybit,BTC,bybit,56847.18688524791,300.6346521796138,371.84748843530264,672.4821406149165,23,19,7,July,2024
23:07:21,2024-07-19,Bybit,ETH,bybit,1083618.793558472,5730.685667073591,7088.141892041019,12818.827559114608,23,19,7,July,2024
23:07:25,2024-07-19,Bybit,BNB,bybit,6414230.199640695,33921.465084306,41956.61246697873,75878.07755128473,23,19,7,July,2024
23:07:29,2024-07-19,Bybit,ADA,bybit,8694216256.45894,45979103.33735732,56870403.90237135,102849507.23972867,23,19,7,July,2024
23:07:34,2024-07-19,Bybit,DOGE,bybit,30336288636.947968,160432557.57227167,198435021.25915825,358867578.83142996,23,19,7,July,2024
23:07:38,2024-07-19,Bybit,SOL,bybit,22141511.097233936,117094.72099094099,144831.53420218563,261926.25519312662,23,19,7,July,2024
23:07:42,2024-07-19,Bybit,USDT,bybit,3786394560.9584,20024234.69337775,24767475.48756618,44791710.180943936,23,19,7,July,2024
23:07:46,2024-07-19,Bybit,TONCOIN,bybit,516562277.6829479,2731824.197278304,3378925.081456753,6110749.278735057,23,19,7,July,2024
23:07:50,2024-07-19,Bybit,USDC,bybit,3787469220.0030475,20029917.995679967,24774505.022158336,44804423.01783831,23,19,7,July,2024
23:07:54,2024-07-19,Bybit,XRP,bybit,6568561402.921549,34737641.049397446,42966120.12200178,77703761.17139922,23,19,7,July,2024
23:08:06,2024-07-19,Bybit,BTC,bybit,56833.27826043961,300.56028723322095,372.1851013242138,672.7453885574348,23,19,7,July,2024
23:08:10,2024-07-19,Bybit,ETH,bybit,1083307.7269804752,5730.868663334516,7093.350629919262,12824.219293253778,23,19,7,July,2024
23:08:15,2024-07-19,Bybit,BNB,bybit,6412486.9006964285,33923.066657777636,41988.08599213826,75911.1526499159,23,19,7,July,2024
23:08:19,2024-07-19,Bybit,ADA,bybit,8689439802.118574,45968506.47663712,56897261.746490054,102865768.22312717,23,19,7,July,2024
23:08:23,2024-07-19,Bybit,DOGE,bybit,30325842940.082108,160428490.13819796,198569466.24155393,358997956.37975186,23,19,7,July,2024
23:08:27,2024-07-19,Bybit,SOL,bybit,22128558.15914821,117063.56131374979,144894.76816980922,261958.329483559,23,19,7,July,2024
23:08:32,2024-07-19,Bybit,USDT,bybit,3785320509.284078,20024942.264373377,24785760.269445997,44810702.53381938,23,19,7,July,2024
23:08:36,2024-07-19,Bybit,TONCOIN,bybit,516420772.6612422,2731947.303088563,3381452.4920544904,6113399.795143054,23,19,7,July,2024
23:08:40,2024-07-19,Bybit,USDC,bybit,3786410528.426559,20030708.63748279,24792897.56550544,44823606.20298823,23,19,7,July,2024
23:08:44,2024-07-19,Bybit,XRP,bybit,6564354981.788534,34726472.74933889,42982497.38776447,77708970.13710336,23,19,7,July,2024
23:08:57,2024-07-19,Bybit,BTC,bybit,56816.39491361703,300.3888419322423,371.06046168514,671.4493036173824,23,19,7,July,2024
23:09:01,2024-07-19,Bybit,ETH,bybit,1082653.6132752742,5724.000362922947,7070.6694818950355,12794.669844817983,23,19,7,July,2024
23:09:05,2024-07-19,Bybit,BNB,bybit,6412389.619002539,33902.36734659234,41878.47990267015,75780.8472492625,23,19,7,July,2024
23:09:09,2024-07-19,Bybit,ADA,bybit,8689081557.678013,45939260.14725278,56747257.88768957,102686518.03494236,23,19,7,July,2024
23:09:14,2024-07-19,Bybit,DOGE,bybit,30324250995.137527,160324614.97673914,198043726.4916122,358368341.46835136,23,19,7,July,2024
23:09:18,2024-07-19,Bybit,SOL,bybit,22126079.25916969,116980.79991291491,144502.53659479917,261483.33650771412,23,19,7,July,2024
23:09:22,2024-07-19,Bybit,USDT,bybit,3785385352.2950716,20013369.802360818,24721857.81259658,44735227.6149574,23,19,7,July,2024
23:09:26,2024-07-19,Bybit,TONCOIN,bybit,516462648.7527056,2730543.1327692666,3372950.1701168246,6103493.302886092,23,19,7,July,2024
23:09:31,2024-07-19,Bybit,USDC,bybit,3786389581.8505254,20018679.17395427,24728416.30478974,44747095.478744015,23,19,7,July,2024
23:09:35,2024-07-19,Bybit,XRP,bybit,6561382860.071194,34690096.08595342,42851535.31920891,77541631.40516233,23,19,7,July,2024
23:09:49,2024-07-19,Bybit,BTC,bybit,56800.06261032837,300.2812632724236,370.04049747566324,670.3217607480868,23,19,7,July,2024
23:09:53,2024-07-19,Bybit,ETH,bybit,1082301.150309986,5721.732366491856,7050.965046055509,12772.697412547364,23,19,7,July,2024
23:09:57,2024-07-19,Bybit,BNB,bybit,6410859.967865608,33891.88394069209,41765.40839453996,75657.29233523205,23,19,7,July,2024
23:10:01,2024-07-19,Bybit,ADA,bybit,8684467137.888336,45911617.75477983,56577482.353529945,102489100.10830978,23,19,7,July,2024
23:10:05,2024-07-19,Bybit,DOGE,bybit,30308448010.457165,160229736.34454653,197453183.39605978,357682919.7406063,23,19,7,July,2024
23:10:09,2024-07-19,Bybit,SOL,bybit,22119502.209592145,116937.75959404871,144103.91864714515,261041.67824119385,23,19,7,July,2024
23:10:14,2024-07-19,Bybit,USDT,bybit,3784900039.331369,20009389.30239145,24657830.098855596,44667219.40124705,23,19,7,July,2024
23:10:18,2024-07-19,Bybit,TONCOIN,bybit,516322716.02842313,2729610.326117339,3363734.2269830774,6093344.553100416,23,19,7,July,2024
23:10:23,2024-07-19,Bybit,USDC,bybit,3785868125.0578227,20014507.219371397,24664136.97436511,44678644.19373651,23,19,7,July,2024
23:10:27,2024-07-19,Bybit,XRP,bybit,6559250635.564468,34676371.40613988,42732142.47849232,77408513.8846322,23,19,7,July,2024
23:10:41,2024-07-19,Bybit,BTC,bybit,56789.97826425201,297.2746617681609,369.3519840709768,666.6266458391376,23,19,7,July,2024
23:10:45,2024-07-19,Bybit,ETH,bybit,1082172.5132123418,5664.775329602546,7038.258810422145,12703.03414002469,23,19,7,July,2024
23:10:49,2024-07-19,Bybit,BNB,bybit,6408409.428718031,33545.66780303271,41679.16258432707,75224.83038735978,23,19,7,July,2024
23:10:53,2024-07-19,Bybit,ADA,bybit,8680119611.76059,45437235.59263271,56453964.21282461,101891199.80545731,23,19,7,July,2024
23:10:57,2024-07-19,Bybit,DOGE,bybit,30291357247.040894,158564120.91252658,197009635.17431056,355573756.0868371,23,19,7,July,2024
23:11:01,2024-07-19,Bybit,SOL,bybit,22107553.132878397,115724.91451779626,143783.61926092074,259508.53377871698,23,19,7,July,2024
23:11:05,2024-07-19,Bybit,USDT,bybit,3786492957.5668855,19824771.10105942,24625719.400752243,44450490.50181166,23,19,7,July,2024
23:11:09,2024-07-19,Bybit,TONCOIN,bybit,516438395.44108754,2703893.310288064,3358692.9003768787,6062586.210664943,23,19,7,July,2024
23:11:13,2024-07-19,Bybit,USDC,bybit,3787707621.696425,19831130.66348371,24633619.053110085,44464749.716593795,23,19,7,July,2024
23:11:17,2024-07-19,Bybit,XRP,bybit,6560810975.340548,34350143.333429724,42668688.92420436,77018832.25763407,23,19,7,July,2024
23:11:30,2024-07-19,Bybit,BTC,bybit,56767.635185741936,297.181629272459,369.59112550445997,666.772754776919,23,19,7,July,2024
23:11:34,2024-07-19,Bybit,ETH,bybit,1082427.721215723,5666.567450062776,7047.2493429112765,12713.816792974052,23,19,7,July,2024
23:11:38,2024-07-19,Bybit,BNB,bybit,6410480.835610193,33559.212620239654,41736.04941100343,75295.26203124308,23,19,7,July,2024
23:11:42,2024-07-19,Bybit,ADA,bybit,8680683892.076899,45443847.956776336,56516423.82712732,101960271.78390366,23,19,7,July,2024
23:11:46,2024-07-19,Bybit,DOGE,bybit,30286469483.98118,158551299.81565222,197182960.1059819,355734259.9216341,23,19,7,July,2024
23:11:50,2024-07-19,Bybit,SOL,bybit,22108512.012496542,115739.25176142747,143939.58478615244,259678.8365475799,23,19,7,July,2024
23:11:55,2024-07-19,Bybit,USDT,bybit,3785932636.50527,19819561.36716086,24648677.008153632,44468238.37531449,23,19,7,July,2024
23:11:59,2024-07-19,Bybit,TONCOIN,bybit,516310947.19675153,2717224.198928827,3363728.149736581,6080952.348665408,23,19,7,July,2024
23:12:03,2024-07-19,Bybit,USDC,bybit,3786837870.3865037,19929245.263345543,24670972.42904973,44600217.69239528,23,19,7,July,2024
23:12:07,2024-07-19,Bybit,XRP,bybit,6558454888.675793,34515619.75946624,42727855.07956601,77243474.83903225,23,19,7,July,2024
23:12:20,2024-07-19,Bybit,BTC,bybit,56749.52516255611,299.0282747227302,381.65451485457294,680.6827895773031,23,19,7,July,2024
23:12:24,2024-07-19,Bybit,ETH,bybit,1082045.055766691,5701.581912295249,7277.019140274776,12978.601052570024,23,19,7,July,2024
23:12:28,2024-07-19,Bybit,BNB,bybit,6408305.276272029,33767.05734842983,43097.42917231203,76864.48652074185,23,19,7,July,2024
23:12:32,2024-07-19,Bybit,ADA,bybit,8677085807.159384,45721862.71345164,58355536.27271535,104077398.98616697,23,19,7,July,2024
23:12:37,2024-07-19,Bybit,DOGE,bybit,30274221906.71825,159522891.5027504,203601588.58266315,363124480.0854135,23,19,7,July,2024
23:12:42,2024-07-19,Bybit,SOL,bybit,22097346.426129725,116436.76945011526,148610.089788073,265046.85923818825,23,19,7,July,2024
23:12:46,2024-07-19,Bybit,USDT,bybit,3784777049.1599646,19942992.43876728,25453556.56090932,45396548.9996766,23,19,7,July,2024
23:12:50,2024-07-19,Bybit,TONCOIN,bybit,516200007.49502724,2719994.523495072,3471572.015168696,6191566.538663767,23,19,7,July,2024
23:12:54,2024-07-19,Bybit,USDC,bybit,3785968788.4083285,19949272.02842617,25461571.30047524,45410843.32890141,23,19,7,July,2024
23:12:58,2024-07-19,Bybit,XRP,bybit,6556087795.749865,34545762.57472119,44091302.964449316,78637065.5391705,23,19,7,July,2024
23:13:11,2024-07-19,Bybit,BTC,bybit,56763.26957130532,299.6340267727269,383.6947469527745,683.3287737255014,23,19,7,July,2024
23:13:15,2024-07-19,Bybit,ETH,bybit,1082013.3225881301,5711.580945166536,7313.934365399106,13025.515310565643,23,19,7,July,2024
23:13:19,2024-07-19,Bybit,BNB,bybit,6406120.59500704,33815.73549885837,43302.55884154948,77118.29434040785,23,19,7,July,2024
23:13:23,2024-07-19,Bybit,ADA,bybit,8676418612.01416,45799867.87790408,58648775.324880585,104448643.20278466,23,19,7,July,2024
23:13:28,2024-07-19,Bybit,DOGE,bybit,30276070993.115154,159817098.89223763,204652929.37072122,364470028.2629588,23,19,7,July,2024
23:13:33,2024-07-19,Bybit,SOL,bybit,22097474.872797314,116645.06691828236,149369.2152275062,266014.28214578854,23,19,7,July,2024
23:13:37,2024-07-19,Bybit,USDT,bybit,3784452357.536172,19976839.029570837,25581234.143949274,45558073.17352011,23,19,7,July,2024
23:13:41,2024-07-19,Bybit,TONCOIN,bybit,516185088.83997434,2724765.819468327,3489184.265442145,6213950.084910472,23,19,7,July,2024
23:13:46,2024-07-19,Bybit,USDC,bybit,3785629528.8590016,19983052.917289507,25589191.304561134,45572244.22185064,23,19,7,July,2024
23:13:50,2024-07-19,Bybit,XRP,bybit,6551356031.780573,34582384.056617774,44284286.5429708,78866670.59958857,23,19,7,July,2024
23:14:03,2024-07-19,Bybit,BTC,bybit,56741.865591078305,301.4830534043946,384.05937232232145,685.542425726716,23,19,7,July,2024
23:14:07,2024-07-19,Bybit,ETH,bybit,1081687.110037963,5747.26138038182,7321.438380687391,13068.69976106921,23,19,7,July,2024
23:14:12,2024-07-19,Bybit,BNB,bybit,6404258.821982166,34027.353248441585,43347.4577851542,77374.81103359579,23,19,7,July,2024
23:14:16,2024-07-19,Bybit,ADA,bybit,8673429488.845346,46083997.74215318,58706421.62832972,104790419.3704829,23,19,7,July,2024
23:14:20,2024-07-19,Bybit,DOGE,bybit,30268552773.02656,160862137.02780277,204875720.4641918,365737857.4919945,23,19,7,July,2024
23:14:24,2024-07-19,Bybit,SOL,bybit,22095511.44819684,117426.53231331965,149555.67452858717,266982.20684190677,23,19,7,July,2024
23:14:29,2024-07-19,Bybit,USDT,bybit,3783019414.649366,20104845.845172398,25605744.480687194,45710590.325859584,23,19,7,July,2024
23:14:33,2024-07-19,Bybit,TONCOIN,bybit,515992457.0211208,2742240.4351162706,3492546.445117674,6234786.880233943,23,19,7,July,2024
23:14:37,2024-07-19,Bybit,USDC,bybit,3784145320.0965466,20110829.466447018,25613365.28407992,45724194.750526935,23,19,7,July,2024
23:14:41,2024-07-19,Bybit,XRP,bybit,6546920263.883898,34793588.993045375,44313483.23597807,79107072.22902344,23,19,7,July,2024
23:14:54,2024-07-19,Bybit,BTC,bybit,56751.73830207771,301.7268623561731,383.59855294287297,685.3254152990461,23,19,7,July,2024
23:14:58,2024-07-19,Bybit,ETH,bybit,1081962.2994154287,5752.371637545696,7313.241581876039,13065.613219421737,23,19,7,July,2024
23:15:03,2024-07-19,Bybit,BNB,bybit,6407242.223543392,34064.80841477521,43308.08040140224,77372.88881617745,23,19,7,July,2024
23:15:07,2024-07-19,Bybit,ADA,bybit,8673909983.272142,46115797.01192649,58629029.12734426,104744826.13927075,23,19,7,July,2024
23:15:11,2024-07-19,Bybit,DOGE,bybit,30270845630.179523,160938282.17642027,204607875.0625483,365546157.2389686,23,19,7,July,2024
23:15:16,2024-07-19,Bybit,SOL,bybit,22101453.148550883,117504.807985416,149389.0002204291,266893.8082058451,23,19,7,July,2024
23:15:20,2024-07-19,Bybit,USDT,bybit,3784101849.3792343,20118593.932260003,25577648.13976069,45696242.0720207,23,19,7,July,2024
23:15:25,2024-07-19,Bybit,TONCOIN,bybit,516146718.3906739,2744150.831583457,3488758.938572044,6232909.770155502,23,19,7,July,2024
23:15:29,2024-07-19,Bybit,USDC,bybit,3785099732.8236127,20224634.864246074,25742157.130137928,45966791.994384006,23,19,7,July,2024
23:15:34,2024-07-19,Bybit,XRP,bybit,6546271661.29211,34978194.34549737,44520664.081905566,79498858.42740293,23,19,7,July,2024
23:15:47,2024-07-19,Bybit,BTC,bybit,56732.60182658399,302.6467570130741,386.2638786019621,688.9106356150362,23,19,7,July,2024
23:15:51,2024-07-19,Bybit,ETH,bybit,1081731.385054554,5770.623682071557,7364.967354641126,13135.591036712683,23,19,7,July,2024
23:15:55,2024-07-19,Bybit,BNB,bybit,6405700.3004495455,34171.963913354346,43613.20587369893,77785.16978705328,23,19,7,July,2024
23:16:00,2024-07-19,Bybit,ADA,bybit,8670253229.40434,46252488.655152425,59031412.85654235,105283901.51169479,23,19,7,July,2024
23:16:04,2024-07-19,Bybit,DOGE,bybit,30256800610.364784,161408472.15696037,206003405.1244469,367411877.2814073,23,19,7,July,2024
23:16:08,2024-07-19,Bybit,SOL,bybit,22088959.10363504,117836.15810436898,150392.66211922886,268228.82022359787,23,19,7,July,2024
23:16:12,2024-07-19,Bybit,USDT,bybit,3783185952.5030136,20181851.754345957,25757818.82793056,45939670.582276516,23,19,7,July,2024
23:16:16,2024-07-19,Bybit,TONCOIN,bybit,516010662.9805664,2752719.7538480675,3513258.22658546,6265977.980433527,23,19,7,July,2024
23:16:21,2024-07-19,Bybit,USDC,bybit,3784399613.806993,20188326.173743896,25766082.040043008,45954408.21378691,23,19,7,July,2024
23:16:25,2024-07-19,Bybit,XRP,bybit,6543172846.562553,34905327.42780428,44549187.60471863,79454515.03252292,23,19,7,July,2024
23:16:38,2024-07-19,Bybit,BTC,bybit,56761.735292262914,302.54268782618965,386.3054256453123,688.848113471502,23,19,7,July,2024
23:16:43,2024-07-19,Bybit,ETH,bybit,1082297.0090012192,5768.693371397113,7365.828486111391,13134.521857508502,23,19,7,July,2024
23:16:46,2024-07-19,Bybit,BNB,bybit,6410922.591716292,34170.51544243167,43631.05123232003,77801.5666747517,23,19,7,July,2024
23:16:50,2024-07-19,Bybit,ADA,bybit,8675783166.743935,46242327.59532463,59045095.99255132,105287423.58787593,23,19,7,July,2024
23:16:54,2024-07-19,Bybit,DOGE,bybit,30275481401.818478,161369723.30700588,206046955.21245676,367416678.51946265,23,19,7,July,2024
23:17:00,2024-07-19,Bybit,SOL,bybit,22103904.85547662,117814.84043779409,150433.35672618693,268248.197163981,23,19,7,July,2024
23:17:04,2024-07-19,Bybit,USDT,bybit,3786291494.6572375,20181109.682233136,25768503.022848263,45949612.705081396,23,19,7,July,2024
23:17:08,2024-07-19,Bybit,TONCOIN,bybit,516402996.72896665,2752451.978915742,3514502.8323876895,6266954.811303431,23,19,7,July,2024
23:17:12,2024-07-19,Bybit,USDC,bybit,3787327121.807088,20155979.257502265,25846460.40278911,46002439.660291374,23,19,7,July,2024
23:17:16,2024-07-19,Bybit,XRP,bybit,6541311168.110929,34812554.60141042,44640912.87900984,79453467.48042026,23,19,7,July,2024
23:17:30,2024-07-19,Bybit,BTC,bybit,56743.96773723893,302.8178189361322,387.8758665550135,690.6936854911457,23,19,7,July,2024
23:17:34,2024-07-19,Bybit,ETH,bybit,1081880.7741599071,5773.526058260417,7395.243221793457,13168.769280053875,23,19,7,July,2024
23:17:39,2024-07-19,Bybit,BNB,bybit,6409098.454817389,34202.56448089495,43809.67204320588,78012.23652410084,23,19,7,July,2024
23:17:45,2024-07-19,Bybit,ADA,bybit,8671796322.324244,46277596.60277108,59276442.01205027,105554038.61482136,23,19,7,July,2024
23:17:49,2024-07-19,Bybit,DOGE,bybit,30262223892.551155,161496296.44747773,206858751.4105383,368355047.8580161,23,19,7,July,2024
23:18:00,2024-07-19,Bybit,SOL,bybit,22102322.13752859,117950.45799586995,151081.38704135508,269031.84503722505,23,19,7,July,2024
23:18:05,2024-07-19,Bybit,USDT,bybit,3785136878.094083,20199625.431673124,25873468.23222904,46073093.66390217,23,19,7,July,2024
23:18:09,2024-07-19,Bybit,TONCOIN,bybit,516174838.12452406,2754600.09061018,3528335.620775636,6282935.711385816,23,19,7,July,2024
23:18:14,2024-07-19,Bybit,USDC,bybit,3786328816.440141,20205986.28701428,25881615.77878409,46087602.06579837,23,19,7,July,2024
23:18:18,2024-07-19,Bybit,XRP,bybit,6536926340.853195,34884726.18357716,44683445.133865096,79568171.31744225,23,19,7,July,2024
23:18:31,2024-07-19,Bybit,BTC,bybit,56762.84969075687,305.058175291757,389.04377450136235,694.1019497931193,23,19,7,July,2024
23:18:35,2024-07-19,Bybit,ETH,bybit,1082301.1759090174,5816.565299974554,7417.924521352422,13234.489821326975,23,19,7,July,2024
23:18:39,2024-07-19,Bybit,BNB,bybit,6411148.726864009,34455.16465075711,43941.01975459718,78396.1844053543,23,19,7,July,2024
23:18:44,2024-07-19,Bybit,ADA,bybit,8674207104.064667,46617423.29155215,59451671.136260256,106069094.42781241,23,19,7,July,2024
23:18:49,2024-07-19,Bybit,DOGE,bybit,30268993972.739918,163258147.48927644,207465113.00289142,370723260.4921679,23,19,7,July,2024
23:18:53,2024-07-19,Bybit,SOL,bybit,22110368.90067325,119253.97554604217,151545.51177501754,270799.48732105974,23,19,7,July,2024
23:18:58,2024-07-19,Bybit,USDT,bybit,3785982717.9444995,20419989.03282631,25949304.199298125,46369293.23212443,23,19,7,July,2024
23:19:04,2024-07-19,Bybit,TONCOIN,bybit,516294712.80696476,2784675.250432292,3538708.324160287,6323383.574592579,23,19,7,July,2024
23:19:08,2024-07-19,Bybit,USDC,bybit,3787165670.451031,20426369.378171057,25957412.211598292,46383781.58976935,23,19,7,July,2024
23:19:14,2024-07-19,Bybit,XRP,bybit,6534681893.343654,35245309.48401497,44789018.05132479,80034327.53533977,23,19,7,July,2024
23:19:27,2024-07-19,Bybit,BTC,bybit,56746.52306459909,306.3388227016117,389.13202780944175,695.4708505110534,23,19,7,July,2024
23:19:32,2024-07-19,Bybit,ETH,bybit,1082002.8613836498,5841.0535979220385,7419.696305737222,13260.74990365926,23,19,7,July,2024
23:19:36,2024-07-19,Bybit,BNB,bybit,6409392.252925811,34600.28158481141,43951.588039463044,78551.86962427446,23,19,7,July,2024
23:19:41,2024-07-19,Bybit,ADA,bybit,8671575293.854395,46812386.434032276,59464219.05987935,106276605.49391162,23,19,7,July,2024
23:19:45,2024-07-19,Bybit,DOGE,bybit,30259058176.84122,163224837.4376004,207455500.43077472,370680337.86837506,23,19,7,July,2024
23:19:50,2024-07-19,Bybit,SOL,bybit,22106292.18942805,119246.80298638968,151560.29913504294,270807.1021214326,23,19,7,July,2024
23:19:54,2024-07-19,Bybit,USDT,bybit,3784847513.16668,20416402.79919738,25948839.197484016,46365241.99668139,23,19,7,July,2024
23:19:59,2024-07-19,Bybit,TONCOIN,bybit,516167185.6022779,2784333.354599823,3538831.948081588,6323165.30268141,23,19,7,July,2024
23:20:03,2024-07-19,Bybit,USDC,bybit,3786066467.003869,20422978.137423582,25957196.32072355,46380174.45814712,23,19,7,July,2024
23:20:08,2024-07-19,Bybit,XRP,bybit,6530769803.255915,35228586.205458544,44774827.749582045,80003413.95504059,23,19,7,July,2024
23:20:22,2024-07-19,Bybit,BTC,bybit,56736.7915710837,305.73439455900115,389.0929580380452,694.8273525970462,23,19,7,July,2024
23:20:26,2024-07-19,Bybit,ETH,bybit,1081789.3367724873,5829.378058929294,7418.759527342489,13248.137586271781,23,19,7,July,2024
23:20:31,2024-07-19,Bybit,BNB,bybit,6409149.975143562,34536.63016586623,43953.05150827443,78489.68167414065,23,19,7,July,2024
23:20:35,2024-07-19,Bybit,ADA,bybit,8667721887.51056,46707271.06878643,59442020.86995408,106149291.9387405,23,19,7,July,2024
23:20:39,2024-07-19,Bybit,DOGE,bybit,30250249447.888397,162395606.6853084,207564699.77417654,369960306.45948493,23,19,7,July,2024
23:20:44,2024-07-19,Bybit,SOL,bybit,22113208.547688577,118712.67124745339,151731.6907138804,270444.3619613338,23,19,7,July,2024
23:20:48,2024-07-19,Bybit,USDT,bybit,3784147485.6458445,20314838.321475003,25965254.868802845,46280093.190277845,23,19,7,July,2024
23:20:52,2024-07-19,Bybit,TONCOIN,bybit,516076419.62737423,2770507.509557725,3541102.9348706836,6311610.4444284085,23,19,7,July,2024
23:20:56,2024-07-19,Bybit,USDC,bybit,3786250989.071346,20268350.455921147,25165163.71176007,45433514.16768122,23,19,7,July,2024
23:21:00,2024-07-19,Bybit,XRP,bybit,6522531118.5519495,34916054.68101501,43351738.668985635,78267793.35000063,23,19,7,July,2024
23:21:14,2024-07-19,Bybit,BTC,bybit,56742.79711447279,304.05471731039967,376.26526093601143,680.319978246411,23,19,7,July,2024
23:21:19,2024-07-19,Bybit,ETH,bybit,1081530.7182648007,5796.1809181979925,7171.303260127099,12967.484178325092,23,19,7,July,2024
23:21:23,2024-07-19,Bybit,BNB,bybit,6408241.071597504,34343.2914027616,42491.10941773166,76834.40082049326,23,19,7,July,2024
23:21:27,2024-07-19,Bybit,ADA,bybit,8666091127.547653,46443648.04491694,57462230.619995184,103905878.66491212,23,19,7,July,2024
23:21:31,2024-07-19,Bybit,DOGE,bybit,30253118200.759506,162133671.720915,200599281.66459927,362732953.38551426,23,19,7,July,2024
23:21:36,2024-07-19,Bybit,SOL,bybit,22116327.050550517,118526.66842111925,146646.67919382936,265173.3476149486,23,19,7,July,2024
23:21:40,2024-07-19,Bybit,USDT,bybit,3784050711.8246274,20279629.749731597,25090896.400734622,45370526.15046622,23,19,7,July,2024
23:21:44,2024-07-19,Bybit,TONCOIN,bybit,516088521.97951734,2765841.406703611,3422026.9823900955,6187868.389093706,23,19,7,July,2024
23:21:48,2024-07-19,Bybit,USDC,bybit,3785256780.0155654,20286093.356651217,25098893.474329986,45384986.8309812,23,19,7,July,2024
23:21:53,2024-07-19,Bybit,XRP,bybit,6514055931.737193,34827254.59872849,43218875.31888731,78046129.91761582,23,19,7,July,2024
23:22:05,2024-07-19,Bybit,BTC,bybit,56723.98755289409,302.7267504824033,376.2663876010127,678.993138083416,23,19,7,July,2024
23:22:10,2024-07-19,Bybit,ETH,bybit,1081226.6189392265,5770.33165345316,7172.084538431975,12942.416191885135,23,19,7,July,2024
23:22:14,2024-07-19,Bybit,BNB,bybit,6406490.47163849,34190.40385105383,42496.07848383246,76686.4823348863,23,19,7,July,2024
23:22:19,2024-07-19,Bybit,ADA,bybit,8663485258.128971,46235620.11750316,57467368.61669204,103702988.7341952,23,19,7,July,2024
23:22:23,2024-07-19,Bybit,DOGE,bybit,30257231977.845024,161419615.52745503,200466489.22483844,361886104.7522934,23,19,7,July,2024
23:22:28,2024-07-19,Bybit,SOL,bybit,22126183.749942537,118041.20339298545,146594.98197133362,264636.18536431907,23,19,7,July,2024
23:22:32,2024-07-19,Bybit,USDT,bybit,3784774477.897838,20191431.969974454,25075672.905158717,45267104.87513317,23,19,7,July,2024
23:22:36,2024-07-19,Bybit,TONCOIN,bybit,516146225.75349987,2753593.7648917376,3419679.033403251,6173272.7982949875,23,19,7,July,2024
23:22:41,2024-07-19,Bybit,USDC,bybit,3785752271.6177373,20196648.411665052,25082151.186924804,45278799.59858985,23,19,7,July,2024
23:22:45,2024-07-19,Bybit,XRP,bybit,6514707206.253124,34755377.93005403,43162589.45701263,77917967.38706665,23,19,7,July,2024
23:22:58,2024-07-19,Bybit,BTC,bybit,56738.64405067499,302.65024197393575,376.382198737309,679.0324407112447,23,19,7,July,2024
23:23:02,2024-07-19,Bybit,ETH,bybit,1081498.2881107286,5768.83223185196,7174.240950245429,12943.073182097389,23,19,7,July,2024
23:23:06,2024-07-19,Bybit,BNB,bybit,6405652.621266991,34168.46398542666,42492.619594267424,76661.08357969407,23,19,7,July,2024
23:23:10,2024-07-19,Bybit,ADA,bybit,8665259367.588326,46221457.84846829,57481975.96137579,103703433.80984406,23,19,7,July,2024
23:23:14,2024-07-19,Bybit,DOGE,bybit,30248607157.829117,161349437.03475055,200657549.38797104,362006986.42272156,23,19,7,July,2024
23:23:19,2024-07-19,Bybit,SOL,bybit,22123925.535543583,118011.48104218653,146761.556908749,264773.0379509355,23,19,7,July,2024
23:23:23,2024-07-19,Bybit,USDT,bybit,3783719232.5898905,20182779.487680435,25099728.553521615,45282508.041202046,23,19,7,July,2024
23:23:27,2024-07-19,Bybit,TONCOIN,bybit,515988355.3157525,2752339.313089168,3422866.988557869,6175206.301647037,23,19,7,July,2024
23:23:32,2024-07-19,Bybit,USDC,bybit,3784700388.420231,20188013.082075138,25106237.16145376,45294250.243528895,23,19,7,July,2024
23:23:36,2024-07-19,Bybit,XRP,bybit,6511078153.10098,34730815.5053412,43191971.75783494,77922787.26317614,23,19,7,July,2024
23:23:49,2024-07-19,Bybit,BTC,bybit,56719.19660440041,302.23665951566784,377.5949677510569,679.8316272667247,23,19,7,July,2024
23:23:53,2024-07-19,Bybit,ETH,bybit,1081143.8681969994,5761.035605965506,7197.465910764102,12958.501516729606,23,19,7,July,2024
23:23:58,2024-07-19,Bybit,BNB,bybit,6403424.22459643,34121.59661925785,42629.31967190873,76750.91629116658,23,19,7,July,2024
23:24:02,2024-07-19,Bybit,ADA,bybit,8664140881.173727,46168160.944929935,57679519.32456662,103847680.26949655,23,19,7,July,2024
23:24:06,2024-07-19,Bybit,DOGE,bybit,30239003291.01141,161133018.25310978,201309189.05871302,362442207.3118228,23,19,7,July,2024
23:24:11,2024-07-19,Bybit,SOL,bybit,22124445.395277552,117893.39183599626,147288.39168521855,265181.7835212148,23,19,7,July,2024
23:24:15,2024-07-19,Bybit,USDT,bybit,3782415757.9557657,20155163.895521086,25180560.40369923,45335724.29922031,23,19,7,July,2024
23:24:20,2024-07-19,Bybit,TONCOIN,bybit,515808616.8630857,2748562.7907853895,3433876.8831401896,6182439.673925579,23,19,7,July,2024
23:24:24,2024-07-19,Bybit,USDC,bybit,3783394661.3438716,20160380.127550486,25187077.22719801,45347457.35474849,23,19,7,July,2024
23:24:28,2024-07-19,Bybit,XRP,bybit,6509190088.116675,34685185.72479658,43333431.51086224,78018617.23565881,23,19,7,July,2024
23:24:41,2024-07-19,Bybit,BTC,bybit,56736.208167645615,301.9746167683723,377.7358364135602,679.7104531819325,23,19,7,July,2024
23:24:45,2024-07-19,Bybit,ETH,bybit,1081490.3144578193,5756.158788090167,7200.298745693227,12956.457533783394,23,19,7,July,2024
23:24:49,2024-07-19,Bybit,BNB,bybit,6403705.614376315,34083.2884546117,42634.310161249996,76717.5986158617,23,19,7,July,2024
23:24:53,2024-07-19,Bybit,ADA,bybit,8664947132.450747,46118592.94347696,57689104.68750815,103807697.63098511,23,19,7,July,2024
23:24:57,2024-07-19,Bybit,DOGE,bybit,30239974677.900875,160950212.56023672,201330376.0859311,362280588.6461678,23,19,7,July,2024
23:25:01,2024-07-19,Bybit,SOL,bybit,22127426.736678936,117771.7268157037,147319.01048730302,265090.73730300675,23,19,7,July,2024
23:25:05,2024-07-19,Bybit,USDT,bybit,3782462874.110218,20131901.897197712,25182715.29943436,45314617.19663207,23,19,7,July,2024
