Time,Date,Name,Coin_Name,Code,Volume,Bid_Total,Ask_Total,Depth,Hour,Day,Month_Number,Month_Name,Year
14:50:29,2024-07-15,Coinbase,BTC,coinbasepro,41284.177624177464,1610.4585849700525,1236.5293357838473,2846.9879207538993,14,15,7,July,2024
14:57:13,2024-07-15,Coinbase,BTC,coinbasepro,41651.40751660897,1655.2083365071603,1272.785199854086,2927.9935363612462,14,15,7,July,2024
14:59:25,2024-07-15,Coinbase,BTC,coinbasepro,41695.00297282223,1690.4046005690489,1304.9241073017113,2995.3287078707604,14,15,7,July,2024
15:01:47,2024-07-15,Coinbase,ETH,coinbasepro,774394.8443753251,31129.93419930624,24510.053131292312,55639.98733059856,15,15,7,July,2024
15:02:35,2024-07-15,Coinbase,BNB,coinbasepro,4551112.6607759865,180218.86910252506,144576.80929703498,324795.6783995601,15,15,7,July,2024
15:02:58,2024-07-15,Coinbase,ADA,coinbasepro,6043688618.0906105,237501196.36259446,188133445.25536796,425634641.6179624,15,15,7,July,2024
15:03:21,2024-07-15,Coinbase,DOGE,coinbasepro,21798060631.756104,855355870.5346173,678667268.2110518,1534023138.7456691,15,15,7,July,2024
15:03:54,2024-07-15,Coinbase,SOL,coinbasepro,16937142.60885278,664656.3214936133,527939.8618703043,1192596.1833639177,15,15,7,July,2024
15:04:31,2024-07-15,Coinbase,USDT,coinbasepro,2638242202.730702,103375769.63410355,82155782.89942856,185531552.53353208,15,15,7,July,2024
15:04:56,2024-07-15,Coinbase,TONCOIN,coinbasepro,350593176.0989226,13753588.434917167,10920967.078231893,24674555.513149064,15,15,7,July,2024
15:05:17,2024-07-15,Coinbase,USDC,coinbasepro,2646596095.151564,103386715.21521328,82039465.06316186,185426180.27837515,15,15,7,July,2024
15:06:51,2024-07-15,Coinbase,XRP,coinbasepro,4961996957.710799,193639601.24095052,153862879.17228028,347502480.4132308,15,15,7,July,2024
15:10:47,2024-07-15,Coinbase,BTC,coinbasepro,41878.175711776246,1598.3110090458517,1268.306574859485,2866.617583905337,15,15,7,July,2024
15:10:47,2024-07-15,Coinbase,BTC,coinbasepro,41878.175711776246,1598.3110090458517,1268.306574859485,2866.617583905337,15,15,7,July,2024
15:10:50,2024-07-15,Coinbase,ETH,coinbasepro,783672.8692337986,29909.444551919903,23734.019825241012,53643.46437716092,15,15,7,July,2024
15:10:50,2024-07-15,Coinbase,ETH,coinbasepro,783672.8692337986,29909.444551919903,23734.019825241012,53643.46437716092,15,15,7,July,2024
15:10:52,2024-07-15,Coinbase,BNB,coinbasepro,4599058.106936338,175526.39480164563,139285.33265951017,314811.72746115585,15,15,7,July,2024
15:10:53,2024-07-15,Coinbase,BNB,coinbasepro,4599058.106936338,175526.39480164563,139285.33265951017,314811.72746115585,15,15,7,July,2024
15:10:55,2024-07-15,Coinbase,ADA,coinbasepro,6078231031.515356,231980104.38795838,184083003.8500953,416063108.2380537,15,15,7,July,2024
15:10:56,2024-07-15,Coinbase,ADA,coinbasepro,6078231031.515356,231980104.38795838,184083003.8500953,416063108.2380537,15,15,7,July,2024
15:10:58,2024-07-15,Coinbase,DOGE,coinbasepro,21935636784.091824,837189518.5631536,664334390.9837472,1501523909.546901,15,15,7,July,2024
15:10:58,2024-07-15,Coinbase,DOGE,coinbasepro,21935636784.091824,837189518.5631536,664334390.9837472,1501523909.546901,15,15,7,July,2024
15:11:00,2024-07-15,Coinbase,SOL,coinbasepro,17082646.719072677,651971.6260481012,517358.5711783797,1169330.197226481,15,15,7,July,2024
15:11:01,2024-07-15,Coinbase,SOL,coinbasepro,17082646.719072677,651971.6260481012,517358.5711783797,1169330.197226481,15,15,7,July,2024
15:11:03,2024-07-15,Coinbase,USDT,coinbasepro,2659958741.008523,101519258.35122159,80558503.39076233,182077761.74198395,15,15,7,July,2024
15:11:04,2024-07-15,Coinbase,USDT,coinbasepro,2659958741.008523,101519258.35122159,80558503.39076233,182077761.74198395,15,15,7,July,2024
15:11:06,2024-07-15,Coinbase,TONCOIN,coinbasepro,353295625.2896046,13483784.280252798,10699777.552580811,24183561.83283361,15,15,7,July,2024
15:11:06,2024-07-15,Coinbase,TONCOIN,coinbasepro,353295625.2896046,13483784.280252798,10699777.552580811,24183561.83283361,15,15,7,July,2024
15:11:08,2024-07-15,Coinbase,USDC,coinbasepro,2664347172.5045485,101686746.02835478,80691409.76562536,182378155.79398015,15,15,7,July,2024
15:11:09,2024-07-15,Coinbase,USDC,coinbasepro,2664347172.5045485,101686746.02835478,80691409.76562536,182378155.79398015,15,15,7,July,2024
15:11:11,2024-07-15,Coinbase,XRP,coinbasepro,4979761374.209683,190056211.65543002,150815167.6808932,340871379.33632326,15,15,7,July,2024
15:11:11,2024-07-15,Coinbase,XRP,coinbasepro,4979761374.209683,190056211.65543002,150815167.6808932,340871379.33632326,15,15,7,July,2024
15:11:22,2024-07-15,Coinbase,BTC,coinbasepro,41932.738031295754,1600.5319736847237,1269.0743092945033,2869.6062829792268,15,15,7,July,2024
15:11:22,2024-07-15,Coinbase,BTC,coinbasepro,41932.738031295754,1600.5319736847237,1269.0743092945033,2869.6062829792268,15,15,7,July,2024
15:11:25,2024-07-15,Coinbase,ETH,coinbasepro,784722.4212010353,29952.09434361702,23749.249665747164,53701.344009364184,15,15,7,July,2024
15:11:25,2024-07-15,Coinbase,ETH,coinbasepro,784722.4212010353,29952.09434361702,23749.249665747164,53701.344009364184,15,15,7,July,2024
15:11:27,2024-07-15,Coinbase,BNB,coinbasepro,4605671.066850179,175794.0012709577,139388.43735027037,315182.4386212281,15,15,7,July,2024
15:11:28,2024-07-15,Coinbase,BNB,coinbasepro,4605671.066850179,175794.0012709577,139388.43735027037,315182.4386212281,15,15,7,July,2024
15:11:30,2024-07-15,Coinbase,ADA,coinbasepro,6087707485.406458,232361895.12740433,184241562.4389516,416603457.56635594,15,15,7,July,2024
15:11:30,2024-07-15,Coinbase,ADA,coinbasepro,6087707485.406458,232361895.12740433,184241562.4389516,416603457.56635594,15,15,7,July,2024
15:11:32,2024-07-15,Coinbase,DOGE,coinbasepro,21963126875.307922,838311268.3886514,664703555.6902233,1503014824.0788746,15,15,7,July,2024
15:11:33,2024-07-15,Coinbase,DOGE,coinbasepro,21963126875.307922,838311268.3886514,664703555.6902233,1503014824.0788746,15,15,7,July,2024
15:11:35,2024-07-15,Coinbase,SOL,coinbasepro,17108023.828028195,652996.6901489529,517766.17846287315,1170762.868611826,15,15,7,July,2024
15:11:36,2024-07-15,Coinbase,SOL,coinbasepro,17108023.828028195,652996.6901489529,517766.17846287315,1170762.868611826,15,15,7,July,2024
15:11:38,2024-07-15,Coinbase,USDT,coinbasepro,2663755508.8255444,101672966.32936707,80617289.52612698,182290255.85549405,15,15,7,July,2024
15:11:38,2024-07-15,Coinbase,USDT,coinbasepro,2663755508.8255444,101672966.32936707,80617289.52612698,182290255.85549405,15,15,7,July,2024
15:11:40,2024-07-15,Coinbase,TONCOIN,coinbasepro,353810931.36715657,13504620.372503892,10707919.025237672,24212539.397741564,15,15,7,July,2024
15:11:41,2024-07-15,Coinbase,TONCOIN,coinbasepro,353810931.36715657,13504620.372503892,10707919.025237672,24212539.397741564,15,15,7,July,2024
15:11:43,2024-07-15,Coinbase,USDC,coinbasepro,2668122229.3052745,101841178.1762661,80970202.85217875,182811381.0284449,15,15,7,July,2024
15:11:43,2024-07-15,Coinbase,USDC,coinbasepro,2668122229.3052745,101841178.1762661,80970202.85217875,182811381.0284449,15,15,7,July,2024
15:11:45,2024-07-15,Coinbase,XRP,coinbasepro,4987947123.289437,190387983.78025618,151370535.40978453,341758519.1900407,15,15,7,July,2024
15:11:45,2024-07-15,Coinbase,XRP,coinbasepro,4987947123.289437,190387983.78025618,151370535.40978453,341758519.1900407,15,15,7,July,2024
15:11:57,2024-07-15,Coinbase,BTC,coinbasepro,41919.912539984514,1592.180532394172,1272.287419567874,2864.467951962046,15,15,7,July,2024
15:11:57,2024-07-15,Coinbase,BTC,coinbasepro,41919.912539984514,1592.180532394172,1272.287419567874,2864.467951962046,15,15,7,July,2024
15:11:59,2024-07-15,Coinbase,ETH,coinbasepro,784531.8480467661,29797.684675793098,23810.879843038052,53608.564518831154,15,15,7,July,2024
15:12:00,2024-07-15,Coinbase,ETH,coinbasepro,784531.8480467661,29797.684675793098,23810.879843038052,53608.564518831154,15,15,7,July,2024
15:12:02,2024-07-15,Coinbase,BNB,coinbasepro,4604699.179915542,174893.31316709952,139754.60544945148,314647.91861655103,15,15,7,July,2024
15:12:02,2024-07-15,Coinbase,BNB,coinbasepro,4604699.179915542,174893.31316709952,139754.60544945148,314647.91861655103,15,15,7,July,2024
15:12:04,2024-07-15,Coinbase,ADA,coinbasepro,6086449629.293378,231172395.74188814,184726370.45216447,415898766.19405264,15,15,7,July,2024
15:12:05,2024-07-15,Coinbase,ADA,coinbasepro,6086449629.293378,231172395.74188814,184726370.45216447,415898766.19405264,15,15,7,July,2024
15:12:07,2024-07-15,Coinbase,DOGE,coinbasepro,21957300464.53486,833970879.8346367,666413536.098228,1500384415.9328647,15,15,7,July,2024
15:12:08,2024-07-15,Coinbase,DOGE,coinbasepro,21957300464.53486,833970879.8346367,666413536.098228,1500384415.9328647,15,15,7,July,2024
15:12:10,2024-07-15,Coinbase,SOL,coinbasepro,17100529.77942698,649325.9181234135,518920.4427553468,1168246.3608787605,15,15,7,July,2024
15:12:10,2024-07-15,Coinbase,SOL,coinbasepro,17100529.77942698,649325.9181234135,518920.4427553468,1168246.3608787605,15,15,7,July,2024
15:12:12,2024-07-15,Coinbase,USDT,coinbasepro,2662873339.8999896,101112228.60224512,80805649.31998353,181917877.92222866,15,15,7,July,2024
15:12:13,2024-07-15,Coinbase,USDT,coinbasepro,2662873339.8999896,101112228.60224512,80805649.31998353,181917877.92222866,15,15,7,July,2024
15:12:15,2024-07-15,Coinbase,TONCOIN,coinbasepro,353680800.68879557,13429648.881765325,10732544.5500698,24162193.431835126,15,15,7,July,2024
15:12:15,2024-07-15,Coinbase,TONCOIN,coinbasepro,353680800.68879557,13429648.881765325,10732544.5500698,24162193.431835126,15,15,7,July,2024
15:12:17,2024-07-15,Coinbase,USDC,coinbasepro,2667506413.4499273,101288151.4990998,80946241.25537163,182234392.75447145,15,15,7,July,2024
15:12:18,2024-07-15,Coinbase,USDC,coinbasepro,2667506413.4499273,101288151.4990998,80946241.25537163,182234392.75447145,15,15,7,July,2024
15:12:20,2024-07-15,Coinbase,XRP,coinbasepro,4986611918.385366,189347137.42764717,151320157.79129463,340667295.21894187,15,15,7,July,2024
15:12:20,2024-07-15,Coinbase,XRP,coinbasepro,4986611918.385366,189347137.42764717,151320157.79129463,340667295.21894187,15,15,7,July,2024
15:12:31,2024-07-15,Coinbase,BTC,coinbasepro,41970.20354406831,1591.7652753567884,1323.6200395970773,2915.3853149538654,15,15,7,July,2024
15:12:32,2024-07-15,Coinbase,BTC,coinbasepro,41970.20354406831,1591.7652753567884,1323.6200395970773,2915.3853149538654,15,15,7,July,2024
15:12:34,2024-07-15,Coinbase,ETH,coinbasepro,785404.7918864896,29787.324560174267,24769.41815745504,54556.742717629306,15,15,7,July,2024
15:12:34,2024-07-15,Coinbase,ETH,coinbasepro,785404.7918864896,29787.324560174267,24769.41815745504,54556.742717629306,15,15,7,July,2024
15:12:37,2024-07-15,Coinbase,BNB,coinbasepro,4611311.888029502,175385.72455909473,148975.44501347787,324361.1695725726,15,15,7,July,2024
15:12:37,2024-07-15,Coinbase,BNB,coinbasepro,4611311.888029502,175385.72455909473,148975.44501347787,324361.1695725726,15,15,7,July,2024
15:12:39,2024-07-15,Coinbase,ADA,coinbasepro,6093833358.980083,231771653.0476991,196870556.2615865,428642209.3092855,15,15,7,July,2024
15:12:40,2024-07-15,Coinbase,ADA,coinbasepro,6093833358.980083,231771653.0476991,196870556.2615865,428642209.3092855,15,15,7,July,2024
15:12:42,2024-07-15,Coinbase,DOGE,coinbasepro,21989324073.528645,836337603.8849039,710398563.1297976,1546736167.0147014,15,15,7,July,2024
15:12:43,2024-07-15,Coinbase,DOGE,coinbasepro,21989324073.528645,836337603.8849039,710398563.1297976,1546736167.0147014,15,15,7,July,2024
15:12:45,2024-07-15,Coinbase,SOL,coinbasepro,17115277.83006931,650959.0928015998,552935.0851072981,1203894.1779088976,15,15,7,July,2024
15:12:45,2024-07-15,Coinbase,SOL,coinbasepro,17115277.83006931,650959.0928015998,552935.0851072981,1203894.1779088976,15,15,7,July,2024
15:12:47,2024-07-15,Coinbase,USDT,coinbasepro,2667015512.779713,101436740.66667749,86161993.05573077,187598733.72240824,15,15,7,July,2024
15:12:48,2024-07-15,Coinbase,USDT,coinbasepro,2667015512.779713,101436740.66667749,86161993.05573077,187598733.72240824,15,15,7,July,2024
15:12:50,2024-07-15,Coinbase,TONCOIN,coinbasepro,354243498.86508924,13473227.19161195,11444375.086307433,24917602.277919378,15,15,7,July,2024
15:12:50,2024-07-15,Coinbase,TONCOIN,coinbasepro,354243498.86508924,13473227.19161195,11444375.086307433,24917602.277919378,15,15,7,July,2024
15:12:52,2024-07-15,Coinbase,USDC,coinbasepro,2671593745.2296824,101610868.25443016,86309899.81917912,187920768.07360926,15,15,7,July,2024
15:12:53,2024-07-15,Coinbase,USDC,coinbasepro,2671593745.2296824,101610868.25443016,86309899.81917912,187920768.07360926,15,15,7,July,2024
15:12:55,2024-07-15,Coinbase,XRP,coinbasepro,4997371286.846963,190069031.39856818,161447681.1443208,351516712.54288894,15,15,7,July,2024
15:12:55,2024-07-15,Coinbase,XRP,coinbasepro,4997371286.846963,190069031.39856818,161447681.1443208,351516712.54288894,15,15,7,July,2024
15:13:06,2024-07-15,Coinbase,BTC,coinbasepro,41956.05129554252,1595.7107706558909,1355.7712995454785,2951.4820702013694,15,15,7,July,2024
15:13:06,2024-07-15,Coinbase,BTC,coinbasepro,41956.05129554252,1595.7107706558909,1355.7712995454785,2951.4820702013694,15,15,7,July,2024
15:13:08,2024-07-15,Coinbase,ETH,coinbasepro,785087.2573912394,29859.153896520063,25369.374341550574,55228.52823807064,15,15,7,July,2024
15:13:09,2024-07-15,Coinbase,ETH,coinbasepro,785087.2573912394,29859.153896520063,25369.374341550574,55228.52823807064,15,15,7,July,2024
15:13:11,2024-07-15,Coinbase,BNB,coinbasepro,4609931.243004226,175329.1053208925,148965.69813296883,324294.8034538613,15,15,7,July,2024
15:13:11,2024-07-15,Coinbase,BNB,coinbasepro,4609931.243004226,175329.1053208925,148965.69813296883,324294.8034538613,15,15,7,July,2024
15:13:14,2024-07-15,Coinbase,ADA,coinbasepro,6091917101.670973,231693341.79243782,196854711.31391373,428548053.1063516,15,15,7,July,2024
15:13:14,2024-07-15,Coinbase,ADA,coinbasepro,6091917101.670973,231693341.79243782,196854711.31391373,428548053.1063516,15,15,7,July,2024
15:13:17,2024-07-15,Coinbase,DOGE,coinbasepro,21987817967.69825,836260726.9003131,710516162.0250661,1546776888.9253793,15,15,7,July,2024
15:13:18,2024-07-15,Coinbase,DOGE,coinbasepro,21987817967.69825,836260726.9003131,710516162.0250661,1546776888.9253793,15,15,7,July,2024
15:13:20,2024-07-15,Coinbase,SOL,coinbasepro,17109633.374386452,650729.1657445028,552882.1030210502,1203611.2687655531,15,15,7,July,2024
15:13:20,2024-07-15,Coinbase,SOL,coinbasepro,17109633.374386452,650729.1657445028,552882.1030210502,1203611.2687655531,15,15,7,July,2024
15:13:22,2024-07-15,Coinbase,USDT,coinbasepro,2666227613.4669967,101404397.89865176,86156698.84973736,187561096.74838915,15,15,7,July,2024
15:13:23,2024-07-15,Coinbase,USDT,coinbasepro,2666227613.4669967,101404397.89865176,86156698.84973736,187561096.74838915,15,15,7,July,2024
15:13:25,2024-07-15,Coinbase,TONCOIN,coinbasepro,354147059.1872019,13469243.632113831,11443937.259068357,24913180.891182188,15,15,7,July,2024
15:13:25,2024-07-15,Coinbase,TONCOIN,coinbasepro,354147059.1872019,13469243.632113831,11443937.259068357,24913180.891182188,15,15,7,July,2024
15:13:27,2024-07-15,Coinbase,USDC,coinbasepro,2670717694.3547745,101575168.74606238,86301791.69361357,187876960.439676,15,15,7,July,2024
15:13:28,2024-07-15,Coinbase,USDC,coinbasepro,2670717694.3547745,101575168.74606238,86301791.69361357,187876960.439676,15,15,7,July,2024
15:13:31,2024-07-15,Coinbase,XRP,coinbasepro,4996428691.240555,190028728.42501548,161455008.53006163,351483736.9550771,15,15,7,July,2024
15:13:31,2024-07-15,Coinbase,XRP,coinbasepro,4996428691.240555,190028728.42501548,161455008.53006163,351483736.9550771,15,15,7,July,2024
15:13:42,2024-07-15,Coinbase,BTC,coinbasepro,42039.52282066597,1601.0491655468588,1351.8785419736,2952.927707520459,15,15,7,July,2024
15:13:42,2024-07-15,Coinbase,BTC,coinbasepro,42039.52282066597,1601.0491655468588,1351.8785419736,2952.927707520459,15,15,7,July,2024
15:13:44,2024-07-15,Coinbase,ETH,coinbasepro,786814.7571009131,29952.9453663353,25294.749040718125,55247.69440705343,15,15,7,July,2024
15:13:44,2024-07-15,Coinbase,ETH,coinbasepro,786814.7571009131,29952.9453663353,25294.749040718125,55247.69440705343,15,15,7,July,2024
15:13:46,2024-07-15,Coinbase,BNB,coinbasepro,4617776.741780556,175792.3491040307,148453.6261620005,324245.97526603116,15,15,7,July,2024
15:13:47,2024-07-15,Coinbase,BNB,coinbasepro,4617776.741780556,175792.3491040307,148453.6261620005,324245.97526603116,15,15,7,July,2024
15:13:49,2024-07-15,Coinbase,ADA,coinbasepro,6100823023.288529,232249861.93644157,196131028.20353734,428380890.13997895,15,15,7,July,2024
15:13:49,2024-07-15,Coinbase,ADA,coinbasepro,6100823023.288529,232249861.93644157,196131028.20353734,428380890.13997895,15,15,7,July,2024
15:13:52,2024-07-15,Coinbase,DOGE,coinbasepro,22036413646.73514,838895671.5334812,708433017.9640127,1547328689.497494,15,15,7,July,2024
15:13:52,2024-07-15,Coinbase,DOGE,coinbasepro,22036413646.73514,838895671.5334812,708433017.9640127,1547328689.497494,15,15,7,July,2024
15:13:54,2024-07-15,Coinbase,SOL,coinbasepro,17129247.471138842,652086.6684807931,550676.0163412164,1202762.6848220094,15,15,7,July,2024
15:13:55,2024-07-15,Coinbase,SOL,coinbasepro,17129247.471138842,652086.6684807931,550676.0163412164,1202762.6848220094,15,15,7,July,2024
15:13:57,2024-07-15,Coinbase,USDT,coinbasepro,2669197093.50572,101612627.35887371,85810122.40951405,187422749.76838776,15,15,7,July,2024
15:13:57,2024-07-15,Coinbase,USDT,coinbasepro,2669197093.50572,101612627.35887371,85810122.40951405,187422749.76838776,15,15,7,July,2024
15:13:59,2024-07-15,Coinbase,TONCOIN,coinbasepro,354587206.01235425,13498642.61369889,11399372.353131363,24898014.966830254,15,15,7,July,2024
15:14:00,2024-07-15,Coinbase,TONCOIN,coinbasepro,354587206.01235425,13498642.61369889,11399372.353131363,24898014.966830254,15,15,7,July,2024
15:14:02,2024-07-15,Coinbase,USDC,coinbasepro,2673706771.5577993,101784304.54094817,85955100.8476436,187739405.38859177,15,15,7,July,2024
15:14:02,2024-07-15,Coinbase,USDC,coinbasepro,2673706771.5577993,101784304.54094817,85955100.8476436,187739405.38859177,15,15,7,July,2024
15:14:05,2024-07-15,Coinbase,XRP,coinbasepro,5001757136.245931,190409949.59177822,160797939.26353008,351207888.8553083,15,15,7,July,2024
15:14:05,2024-07-15,Coinbase,XRP,coinbasepro,5001757136.245931,190409949.59177822,160797939.26353008,351207888.8553083,15,15,7,July,2024
15:14:16,2024-07-15,Coinbase,BTC,coinbasepro,42031.163011846715,1600.3309342968419,1351.401274329029,2951.7322086258714,15,15,7,July,2024
15:14:16,2024-07-15,Coinbase,BTC,coinbasepro,42031.163011846715,1600.3309342968419,1351.401274329029,2951.7322086258714,15,15,7,July,2024
15:14:19,2024-07-15,Coinbase,ETH,coinbasepro,786742.1423065835,29955.102296201607,25295.620142173968,55250.72243837558,15,15,7,July,2024
15:14:19,2024-07-15,Coinbase,ETH,coinbasepro,786742.1423065835,29955.102296201607,25295.620142173968,55250.72243837558,15,15,7,July,2024
15:14:21,2024-07-15,Coinbase,BNB,coinbasepro,4617350.575219884,175805.0082491171,148458.7388080905,324263.7470572076,15,15,7,July,2024
15:14:22,2024-07-15,Coinbase,BNB,coinbasepro,4617350.575219884,175805.0082491171,148458.7388080905,324263.7470572076,15,15,7,July,2024
15:14:24,2024-07-15,Coinbase,ADA,coinbasepro,6100298815.928904,232268065.0267471,196139031.20669264,428407096.2334398,15,15,7,July,2024
15:14:25,2024-07-15,Coinbase,ADA,coinbasepro,6100298815.928904,232268065.0267471,196139031.20669264,428407096.2334398,15,15,7,July,2024
15:14:27,2024-07-15,Coinbase,DOGE,coinbasepro,22035128679.93479,838984590.0236442,708481489.5480012,1547466079.5716455,15,15,7,July,2024
15:14:27,2024-07-15,Coinbase,DOGE,coinbasepro,22035128679.93479,838984590.0236442,708481489.5480012,1547466079.5716455,15,15,7,July,2024
15:14:29,2024-07-15,Coinbase,SOL,coinbasepro,17125296.34432293,652145.6308928858,550613.1160722472,1202758.746965133,15,15,7,July,2024
15:14:30,2024-07-15,Coinbase,SOL,coinbasepro,17125296.34432293,652145.6308928858,550613.1160722472,1202758.746965133,15,15,7,July,2024
15:14:32,2024-07-15,Coinbase,USDT,coinbasepro,2668589849.1818237,101622136.97200911,85800592.4588784,187422729.4308875,15,15,7,July,2024
15:14:32,2024-07-15,Coinbase,USDT,coinbasepro,2668589849.1818237,101622136.97200911,85800592.4588784,187422729.4308875,15,15,7,July,2024
15:14:35,2024-07-15,Coinbase,TONCOIN,coinbasepro,354506722.64423764,13499912.973548956,11398112.318705153,24898025.292254105,15,15,7,July,2024
15:14:35,2024-07-15,Coinbase,TONCOIN,coinbasepro,354506722.64423764,13499912.973548956,11398112.318705153,24898025.292254105,15,15,7,July,2024
15:14:37,2024-07-15,Coinbase,USDC,coinbasepro,2673051523.608878,101792041.2717986,85944044.3682519,187736085.64005047,15,15,7,July,2024
15:14:37,2024-07-15,Coinbase,USDC,coinbasepro,2673051523.608878,101792041.2717986,85944044.3682519,187736085.64005047,15,15,7,July,2024
15:14:40,2024-07-15,Coinbase,XRP,coinbasepro,5001244314.840386,190451573.12166741,160800178.9321298,351251752.0537972,15,15,7,July,2024
15:14:40,2024-07-15,Coinbase,XRP,coinbasepro,5001244314.840386,190451573.12166741,160800178.9321298,351251752.0537972,15,15,7,July,2024
15:14:51,2024-07-15,Coinbase,BTC,coinbasepro,42018.685678762326,1600.5622342577146,1351.1712977586478,2951.7335320163625,15,15,7,July,2024
15:14:52,2024-07-15,Coinbase,BTC,coinbasepro,42018.685678762326,1600.5622342577146,1351.1712977586478,2951.7335320163625,15,15,7,July,2024
15:14:54,2024-07-15,Coinbase,ETH,coinbasepro,786524.498507203,29960.03773781527,25291.826962214735,55251.864700030004,15,15,7,July,2024
15:14:54,2024-07-15,Coinbase,ETH,coinbasepro,786524.498507203,29960.03773781527,25291.826962214735,55251.864700030004,15,15,7,July,2024
15:14:56,2024-07-15,Coinbase,BNB,coinbasepro,4615648.051688208,175817.77818175088,148422.80445599198,324240.58263774286,15,15,7,July,2024
15:14:57,2024-07-15,Coinbase,BNB,coinbasepro,4615648.051688208,175817.77818175088,148422.80445599198,324240.58263774286,15,15,7,July,2024
15:14:59,2024-07-15,Coinbase,ADA,coinbasepro,6097406978.710114,232260461.72966126,196070894.82454878,428331356.55421,15,15,7,July,2024
15:15:00,2024-07-15,Coinbase,ADA,coinbasepro,6097406978.710114,232260461.72966126,196070894.82454878,428331356.55421,15,15,7,July,2024
15:15:02,2024-07-15,Coinbase,DOGE,coinbasepro,22026705086.50417,839034151.9989526,708300395.795614,1547334547.7945666,15,15,7,July,2024
15:15:02,2024-07-15,Coinbase,DOGE,coinbasepro,22026705086.50417,839034151.9989526,708300395.795614,1547334547.7945666,15,15,7,July,2024
15:15:04,2024-07-15,Coinbase,SOL,coinbasepro,17116842.822971683,652009.2608708332,550416.7100194431,1202425.9708902761,15,15,7,July,2024
15:15:05,2024-07-15,Coinbase,SOL,coinbasepro,17116842.822971683,652009.2608708332,550416.7100194431,1202425.9708902761,15,15,7,July,2024
15:15:07,2024-07-15,Coinbase,USDT,coinbasepro,2667595477.6177077,101585749.58909184,85820019.69294536,187405769.2820372,15,15,7,July,2024
15:15:07,2024-07-15,Coinbase,USDT,coinbasepro,2667595477.6177077,101585749.58909184,85820019.69294536,187405769.2820372,15,15,7,July,2024
15:15:10,2024-07-15,Coinbase,TONCOIN,coinbasepro,354350780.7858303,13494171.056158634,11399925.978435261,24894097.034593895,15,15,7,July,2024
15:15:10,2024-07-15,Coinbase,TONCOIN,coinbasepro,354350780.7858303,13494171.056158634,11399925.978435261,24894097.034593895,15,15,7,July,2024
15:15:12,2024-07-15,Coinbase,USDC,coinbasepro,2672050455.9512224,101755401.36621115,85963342.146264,187718743.51247513,15,15,7,July,2024
15:15:12,2024-07-15,Coinbase,USDC,coinbasepro,2672050455.9512224,101755401.36621115,85963342.146264,187718743.51247513,15,15,7,July,2024
15:15:15,2024-07-15,Coinbase,XRP,coinbasepro,4998920062.363358,190365835.42443192,160821766.94144326,351187602.3658752,15,15,7,July,2024
15:15:15,2024-07-15,Coinbase,XRP,coinbasepro,4998920062.363358,190365835.42443192,160821766.94144326,351187602.3658752,15,15,7,July,2024
15:15:25,2024-07-15,Coinbase,BTC,coinbasepro,42002.86517285436,1599.7603044121183,1349.2710666693579,2949.0313710814767,15,15,7,July,2024
15:15:25,2024-07-15,Coinbase,BTC,coinbasepro,42002.86517285436,1599.7603044121183,1349.2710666693579,2949.0313710814767,15,15,7,July,2024
15:15:28,2024-07-15,Coinbase,ETH,coinbasepro,786300.5866663747,29947.77762679338,25258.57764531124,55206.35527210463,15,15,7,July,2024
15:15:28,2024-07-15,Coinbase,ETH,coinbasepro,786300.5866663747,29947.77762679338,25258.57764531124,55206.35527210463,15,15,7,July,2024
15:15:31,2024-07-15,Coinbase,BNB,coinbasepro,4613891.4614989115,175728.9741687014,148213.46658457548,323942.44075327687,15,15,7,July,2024
15:15:32,2024-07-15,Coinbase,BNB,coinbasepro,4613891.4614989115,175728.9741687014,148213.46658457548,323942.44075327687,15,15,7,July,2024
15:15:34,2024-07-15,Coinbase,ADA,coinbasepro,6095040985.246225,232141416.5875395,195792892.16849786,427934308.7560374,15,15,7,July,2024
15:15:34,2024-07-15,Coinbase,ADA,coinbasepro,6095040985.246225,232141416.5875395,195792892.16849786,427934308.7560374,15,15,7,July,2024
15:15:36,2024-07-15,Coinbase,DOGE,coinbasepro,22020079546.786472,838677290.560469,707357845.6128362,1546035136.1733055,15,15,7,July,2024
15:15:37,2024-07-15,Coinbase,DOGE,coinbasepro,22020079546.786472,838677290.560469,707357845.6128362,1546035136.1733055,15,15,7,July,2024
15:15:39,2024-07-15,Coinbase,SOL,coinbasepro,17109454.758493066,651646.6541063869,549612.3223289691,1201258.976435356,15,15,7,July,2024
15:15:39,2024-07-15,Coinbase,SOL,coinbasepro,17109454.758493066,651646.6541063869,549612.3223289691,1201258.976435356,15,15,7,July,2024
15:15:42,2024-07-15,Coinbase,USDT,coinbasepro,2666841940.2239275,101571829.83957168,85667790.86418195,187239620.70375365,15,15,7,July,2024
15:15:42,2024-07-15,Coinbase,USDT,coinbasepro,2666841940.2239275,101571829.83957168,85667790.86418195,187239620.70375365,15,15,7,July,2024
15:15:44,2024-07-15,Coinbase,TONCOIN,coinbasepro,354279712.59217334,13517276.690765992,11407489.402283242,24924766.093049236,15,15,7,July,2024
15:15:45,2024-07-15,Coinbase,TONCOIN,coinbasepro,354279712.59217334,13517276.690765992,11407489.402283242,24924766.093049236,15,15,7,July,2024
15:15:47,2024-07-15,Coinbase,USDC,coinbasepro,2671044081.0376034,101911683.3770845,86005226.84329674,187916910.22038123,15,15,7,July,2024
15:15:47,2024-07-15,Coinbase,USDC,coinbasepro,2671044081.0376034,101911683.3770845,86005226.84329674,187916910.22038123,15,15,7,July,2024
15:15:50,2024-07-15,Coinbase,XRP,coinbasepro,4996347255.424599,190631881.7991939,160877906.18706235,351509787.98625624,15,15,7,July,2024
15:15:50,2024-07-15,Coinbase,XRP,coinbasepro,4996347255.424599,190631881.7991939,160877906.18706235,351509787.98625624,15,15,7,July,2024
15:16:01,2024-07-15,Coinbase,BTC,coinbasepro,42099.806025737365,1601.9482141685205,1352.2808056965052,2954.2290198650257,15,15,7,July,2024
15:16:02,2024-07-15,Coinbase,BTC,coinbasepro,42099.806025737365,1601.9482141685205,1352.2808056965052,2954.2290198650257,15,15,7,July,2024
15:16:04,2024-07-15,Coinbase,ETH,coinbasepro,788398.6636584927,29999.516637403554,25324.021195023583,55323.53783242714,15,15,7,July,2024
15:16:04,2024-07-15,Coinbase,ETH,coinbasepro,788398.6636584927,29999.516637403554,25324.021195023583,55323.53783242714,15,15,7,July,2024
15:16:07,2024-07-15,Coinbase,BNB,coinbasepro,4626979.776262279,176062.1411187938,148622.44106208562,324684.5821808794,15,15,7,July,2024
15:16:07,2024-07-15,Coinbase,BNB,coinbasepro,4626979.776262279,176062.1411187938,148622.44106208562,324684.5821808794,15,15,7,July,2024
15:16:09,2024-07-15,Coinbase,ADA,coinbasepro,6112359429.370849,232582622.02563792,196334071.677269,428916693.7029069,15,15,7,July,2024
15:16:10,2024-07-15,Coinbase,ADA,coinbasepro,6112359429.370849,232582622.02563792,196334071.677269,428916693.7029069,15,15,7,July,2024
15:16:12,2024-07-15,Coinbase,DOGE,coinbasepro,22070314071.990234,839801974.1979055,708916855.2700745,1548718829.46798,15,15,7,July,2024
15:16:13,2024-07-15,Coinbase,DOGE,coinbasepro,22070314071.990234,839801974.1979055,708916855.2700745,1548718829.46798,15,15,7,July,2024
15:16:15,2024-07-15,Coinbase,SOL,coinbasepro,17158041.722339943,652884.10780154,551130.5793256022,1204014.6871271422,15,15,7,July,2024
15:16:15,2024-07-15,Coinbase,SOL,coinbasepro,17158041.722339943,652884.10780154,551130.5793256022,1204014.6871271422,15,15,7,July,2024
15:16:17,2024-07-15,Coinbase,USDT,coinbasepro,2674436647.923691,101765528.54968083,85905130.84139954,187670659.39108035,15,15,7,July,2024
15:16:18,2024-07-15,Coinbase,USDT,coinbasepro,2674436647.923691,101765528.54968083,85905130.84139954,187670659.39108035,15,15,7,July,2024
15:23:08,2024-07-15,Coinbase,BTC,coinbasepro,42939.47244510439,1584.5262122475035,1330.4872576829716,2915.0134699304754,15,15,7,July,2024
15:23:08,2024-07-15,Coinbase,BTC,coinbasepro,42939.47244510439,1584.5262122475035,1330.4872576829716,2915.0134699304754,15,15,7,July,2024
15:23:10,2024-07-15,Coinbase,ETH,coinbasepro,800212.1399422176,29528.94013120726,24794.716725909115,54323.65685711638,15,15,7,July,2024
15:23:11,2024-07-15,Coinbase,ETH,coinbasepro,800212.1399422176,29528.94013120726,24794.716725909115,54323.65685711638,15,15,7,July,2024
15:23:13,2024-07-15,Coinbase,BNB,coinbasepro,4718387.445467459,174115.0545442979,146200.08154575032,320315.13609004824,15,15,7,July,2024
15:23:13,2024-07-15,Coinbase,BNB,coinbasepro,4718387.445467459,174115.0545442979,146200.08154575032,320315.13609004824,15,15,7,July,2024
15:23:16,2024-07-15,Coinbase,ADA,coinbasepro,6263784097.035462,231142338.8422028,194084474.06141996,425226812.9036228,15,15,7,July,2024
15:23:16,2024-07-15,Coinbase,ADA,coinbasepro,6263784097.035462,231142338.8422028,194084474.06141996,425226812.9036228,15,15,7,July,2024
15:23:18,2024-07-15,Coinbase,DOGE,coinbasepro,22462032202.326065,828880206.9106706,695990097.807238,1524870304.7179089,15,15,7,July,2024
15:23:19,2024-07-15,Coinbase,DOGE,coinbasepro,22462032202.326065,828880206.9106706,695990097.807238,1524870304.7179089,15,15,7,July,2024
15:23:22,2024-07-15,Coinbase,SOL,coinbasepro,17454336.53936998,644089.2770487292,540825.7492364635,1184915.0262851927,15,15,7,July,2024
15:23:22,2024-07-15,Coinbase,SOL,coinbasepro,17454336.53936998,644089.2770487292,540825.7492364635,1184915.0262851927,15,15,7,July,2024
15:23:24,2024-07-15,Coinbase,USDT,coinbasepro,2735166101.232107,100931430.580424,84749612.37560879,185681042.95603278,15,15,7,July,2024
15:23:25,2024-07-15,Coinbase,USDT,coinbasepro,2735166101.232107,100931430.580424,84749612.37560879,185681042.95603278,15,15,7,July,2024
15:23:27,2024-07-15,Coinbase,TONCOIN,coinbasepro,362624451.29022557,13381346.242802765,11235983.683375027,24617329.926177796,15,15,7,July,2024
15:23:27,2024-07-15,Coinbase,TONCOIN,coinbasepro,362624451.29022557,13381346.242802765,11235983.683375027,24617329.926177796,15,15,7,July,2024
15:23:30,2024-07-15,Coinbase,USDC,coinbasepro,2739823582.1839347,101103298.10070267,84893925.25852159,185997223.35922426,15,15,7,July,2024
15:23:30,2024-07-15,Coinbase,USDC,coinbasepro,2739823582.1839347,101103298.10070267,84893925.25852159,185997223.35922426,15,15,7,July,2024
15:23:32,2024-07-15,Coinbase,XRP,coinbasepro,5114372047.333272,188744703.12994644,158610527.33785883,347355230.46780527,15,15,7,July,2024
15:23:33,2024-07-15,Coinbase,XRP,coinbasepro,5114372047.333272,188744703.12994644,158610527.33785883,347355230.46780527,15,15,7,July,2024
15:23:44,2024-07-15,Coinbase,BTC,coinbasepro,42925.13142590504,1584.314286713446,1329.8490690319009,2914.163355745347,15,15,7,July,2024
15:23:44,2024-07-15,Coinbase,BTC,coinbasepro,42925.13142590504,1584.314286713446,1329.8490690319009,2914.163355745347,15,15,7,July,2024
15:23:47,2024-07-15,Coinbase,ETH,coinbasepro,799852.2593675617,29521.57208798432,24779.9540071085,54301.52609509282,15,15,7,July,2024
15:23:47,2024-07-15,Coinbase,ETH,coinbasepro,799852.2593675617,29521.57208798432,24779.9540071085,54301.52609509282,15,15,7,July,2024
15:23:49,2024-07-15,Coinbase,BNB,coinbasepro,4716476.071785331,174079.3836908809,146119.55991332684,320198.9436042077,15,15,7,July,2024
15:23:50,2024-07-15,Coinbase,BNB,coinbasepro,4716476.071785331,174079.3836908809,146119.55991332684,320198.9436042077,15,15,7,July,2024
15:23:52,2024-07-15,Coinbase,ADA,coinbasepro,6262078033.838622,231125668.43622187,194003334.8035306,425129003.2397525,15,15,7,July,2024
15:23:52,2024-07-15,Coinbase,ADA,coinbasepro,6262078033.838622,231125668.43622187,194003334.8035306,425129003.2397525,15,15,7,July,2024
15:23:55,2024-07-15,Coinbase,DOGE,coinbasepro,22455001203.174026,828786727.7882458,695670844.8685101,1524457572.656756,15,15,7,July,2024
15:23:55,2024-07-15,Coinbase,DOGE,coinbasepro,22455001203.174026,828786727.7882458,695670844.8685101,1524457572.656756,15,15,7,July,2024
15:23:57,2024-07-15,Coinbase,SOL,coinbasepro,17447224.35089311,643955.7873067568,540526.5933844888,1184482.3806912457,15,15,7,July,2024
15:23:58,2024-07-15,Coinbase,SOL,coinbasepro,17447224.35089311,643955.7873067568,540526.5933844888,1184482.3806912457,15,15,7,July,2024
15:24:00,2024-07-15,Coinbase,USDT,coinbasepro,2734058407.3680315,100910763.73241074,84702944.56740987,185613708.29982063,15,15,7,July,2024
15:24:00,2024-07-15,Coinbase,USDT,coinbasepro,2734058407.3680315,100910763.73241074,84702944.56740987,185613708.29982063,15,15,7,July,2024
15:24:02,2024-07-15,Coinbase,TONCOIN,coinbasepro,362483935.199873,13378840.277578985,11229992.961038614,24608833.2386176,15,15,7,July,2024
15:24:03,2024-07-15,Coinbase,TONCOIN,coinbasepro,362483935.199873,13378840.277578985,11229992.961038614,24608833.2386176,15,15,7,July,2024
15:24:05,2024-07-15,Coinbase,USDC,coinbasepro,2738765846.161695,101084509.56118019,84848784.14644727,185933293.70762745,15,15,7,July,2024
15:24:05,2024-07-15,Coinbase,USDC,coinbasepro,2738765846.161695,101084509.56118019,84848784.14644727,185933293.70762745,15,15,7,July,2024
15:24:08,2024-07-15,Coinbase,XRP,coinbasepro,5112798847.975285,188707174.3489369,158397902.63342103,347105076.9823579,15,15,7,July,2024
15:24:08,2024-07-15,Coinbase,XRP,coinbasepro,5112798847.975285,188707174.3489369,158397902.63342103,347105076.9823579,15,15,7,July,2024
15:24:18,2024-07-15,Coinbase,BTC,coinbasepro,43068.72072925113,1579.5829757072436,1335.4601223059742,2915.043098013218,15,15,7,July,2024
15:24:19,2024-07-15,Coinbase,BTC,coinbasepro,43068.72072925113,1579.5829757072436,1335.4601223059742,2915.043098013218,15,15,7,July,2024
15:24:21,2024-07-15,Coinbase,ETH,coinbasepro,803763.6520447393,29478.73444496959,24922.827678411708,54401.5621233813,15,15,7,July,2024
15:24:21,2024-07-15,Coinbase,ETH,coinbasepro,803763.6520447393,29478.73444496959,24922.827678411708,54401.5621233813,15,15,7,July,2024
15:24:23,2024-07-15,Coinbase,BNB,coinbasepro,4733600.422449643,173608.93275903165,146777.85854964558,320386.79130867723,15,15,7,July,2024
15:24:24,2024-07-15,Coinbase,BNB,coinbasepro,4733600.422449643,173608.93275903165,146777.85854964558,320386.79130867723,15,15,7,July,2024
15:24:26,2024-07-15,Coinbase,ADA,coinbasepro,6288317903.333529,230629555.22601664,194986005.01920834,425615560.245225,15,15,7,July,2024
15:24:27,2024-07-15,Coinbase,ADA,coinbasepro,6288317903.333529,230629555.22601664,194986005.01920834,425615560.245225,15,15,7,July,2024
15:24:29,2024-07-15,Coinbase,DOGE,coinbasepro,22542897114.967873,826780454.6546218,699002422.8381451,1525782877.492767,15,15,7,July,2024
15:24:29,2024-07-15,Coinbase,DOGE,coinbasepro,22542897114.967873,826780454.6546218,699002422.8381451,1525782877.492767,15,15,7,July,2024
15:24:32,2024-07-15,Coinbase,SOL,coinbasepro,17513763.062335532,642332.5677060711,543060.7588346436,1185393.3265407148,15,15,7,July,2024
15:24:32,2024-07-15,Coinbase,SOL,coinbasepro,17513763.062335532,642332.5677060711,543060.7588346436,1185393.3265407148,15,15,7,July,2024
15:24:34,2024-07-15,Coinbase,USDT,coinbasepro,2744341550.0795884,100651124.96103434,85095601.63530725,185746726.5963416,15,15,7,July,2024
15:24:35,2024-07-15,Coinbase,USDT,coinbasepro,2744341550.0795884,100651124.96103434,85095601.63530725,185746726.5963416,15,15,7,July,2024
15:24:37,2024-07-15,Coinbase,TONCOIN,coinbasepro,363856937.8121262,13344771.212827181,11282351.145908028,24627122.35873521,15,15,7,July,2024
15:24:37,2024-07-15,Coinbase,TONCOIN,coinbasepro,363856937.8121262,13344771.212827181,11282351.145908028,24627122.35873521,15,15,7,July,2024
15:24:39,2024-07-15,Coinbase,USDC,coinbasepro,2749075518.946783,100824747.40682642,85242390.9184652,186067138.32529163,15,15,7,July,2024
15:24:40,2024-07-15,Coinbase,USDC,coinbasepro,2749075518.946783,100824747.40682642,85242390.9184652,186067138.32529163,15,15,7,July,2024
15:24:42,2024-07-15,Coinbase,XRP,coinbasepro,5130247635.867297,188171230.87971944,159061647.43207312,347232878.31179255,15,15,7,July,2024
15:24:42,2024-07-15,Coinbase,XRP,coinbasepro,5130247635.867297,188171230.87971944,159061647.43207312,347232878.31179255,15,15,7,July,2024
15:24:53,2024-07-15,Coinbase,BTC,coinbasepro,43050.238985542834,1577.3117765285817,1336.319247884958,2913.6310244135398,15,15,7,July,2024
15:24:53,2024-07-15,Coinbase,BTC,coinbasepro,43050.238985542834,1577.3117765285817,1336.319247884958,2913.6310244135398,15,15,7,July,2024
15:24:55,2024-07-15,Coinbase,ETH,coinbasepro,803598.9902635637,29442.952717982767,24944.456141828698,54387.40885981147,15,15,7,July,2024
15:24:56,2024-07-15,Coinbase,ETH,coinbasepro,803598.9902635637,29442.952717982767,24944.456141828698,54387.40885981147,15,15,7,July,2024
15:24:58,2024-07-15,Coinbase,BNB,coinbasepro,4731952.301823324,173373.34861587983,146884.17741707704,320257.5260329569,15,15,7,July,2024
15:24:58,2024-07-15,Coinbase,BNB,coinbasepro,4731952.301823324,173373.34861587983,146884.17741707704,320257.5260329569,15,15,7,July,2024
15:25:00,2024-07-15,Coinbase,ADA,coinbasepro,6286776005.990872,230340320.1542457,195147343.70622662,425487663.8604723,15,15,7,July,2024
15:25:01,2024-07-15,Coinbase,ADA,coinbasepro,6286776005.990872,230340320.1542457,195147343.70622662,425487663.8604723,15,15,7,July,2024
15:25:03,2024-07-15,Coinbase,DOGE,coinbasepro,22535233447.37276,825665314.3156447,699514495.6435227,1525179809.9591675,15,15,7,July,2024
15:25:03,2024-07-15,Coinbase,DOGE,coinbasepro,22535233447.37276,825665314.3156447,699514495.6435227,1525179809.9591675,15,15,7,July,2024
15:25:06,2024-07-15,Coinbase,SOL,coinbasepro,17507900.43250028,641469.5524395666,543461.4276092733,1184930.98004884,15,15,7,July,2024
15:25:06,2024-07-15,Coinbase,SOL,coinbasepro,17507900.43250028,641469.5524395666,543461.4276092733,1184930.98004884,15,15,7,July,2024
15:25:08,2024-07-15,Coinbase,USDT,coinbasepro,2743522605.047555,100519546.83845331,85161479.94820012,185681026.78665346,15,15,7,July,2024
15:25:09,2024-07-15,Coinbase,USDT,coinbasepro,2743522605.047555,100519546.83845331,85161479.94820012,185681026.78665346,15,15,7,July,2024
15:25:11,2024-07-15,Coinbase,TONCOIN,coinbasepro,363735106.34211737,13326840.461047525,11290674.225982454,24617514.68702998,15,15,7,July,2024
15:25:11,2024-07-15,Coinbase,TONCOIN,coinbasepro,363735106.34211737,13326840.461047525,11290674.225982454,24617514.68702998,15,15,7,July,2024
15:25:13,2024-07-15,Coinbase,USDC,coinbasepro,2748146865.806013,100688974.49144508,85305021.2804757,185993995.7719208,15,15,7,July,2024
15:25:14,2024-07-15,Coinbase,USDC,coinbasepro,2748146865.806013,100688974.49144508,85305021.2804757,185993995.7719208,15,15,7,July,2024
15:25:16,2024-07-15,Coinbase,XRP,coinbasepro,5128782217.122014,187912745.2238676,159202145.13215244,347114890.3560201,15,15,7,July,2024
15:25:16,2024-07-15,Coinbase,XRP,coinbasepro,5128782217.122014,187912745.2238676,159202145.13215244,347114890.3560201,15,15,7,July,2024
15:25:26,2024-07-15,Coinbase,BTC,coinbasepro,43045.97984420833,1577.736081713779,1336.740828630102,2914.476910343881,15,15,7,July,2024
15:25:27,2024-07-15,Coinbase,BTC,coinbasepro,43045.97984420833,1577.736081713779,1336.740828630102,2914.476910343881,15,15,7,July,2024
15:25:29,2024-07-15,Coinbase,ETH,coinbasepro,803541.1860484028,29451.668354628575,24952.999438373263,54404.66779300184,15,15,7,July,2024
15:25:29,2024-07-15,Coinbase,ETH,coinbasepro,803541.1860484028,29451.668354628575,24952.999438373263,54404.66779300184,15,15,7,July,2024
15:25:31,2024-07-15,Coinbase,BNB,coinbasepro,4731898.926222399,173435.18948676565,146943.39667780773,320378.58616457344,15,15,7,July,2024
15:25:32,2024-07-15,Coinbase,BNB,coinbasepro,4731898.926222399,173435.18948676565,146943.39667780773,320378.58616457344,15,15,7,July,2024
15:25:34,2024-07-15,Coinbase,ADA,coinbasepro,6303562269.847611,230536696.59972757,195327387.02137932,425864083.62110686,15,15,7,July,2024
15:25:34,2024-07-15,Coinbase,ADA,coinbasepro,6303562269.847611,230536696.59972757,195327387.02137932,425864083.62110686,15,15,7,July,2024
15:25:37,2024-07-15,Coinbase,DOGE,coinbasepro,22589048259.915756,826136768.7415099,699962907.1667514,1526099675.908261,15,15,7,July,2024
15:25:37,2024-07-15,Coinbase,DOGE,coinbasepro,22589048259.915756,826136768.7415099,699962907.1667514,1526099675.908261,15,15,7,July,2024
15:25:39,2024-07-15,Coinbase,SOL,coinbasepro,17545562.568326596,641684.155931029,543681.293779653,1185365.4497106818,15,15,7,July,2024
15:25:40,2024-07-15,Coinbase,SOL,coinbasepro,17545562.568326596,641684.155931029,543681.293779653,1185365.4497106818,15,15,7,July,2024
15:25:42,2024-07-15,Coinbase,USDT,coinbasepro,2750909240.5082874,100607482.21462046,85241945.88379006,185849428.0984105,15,15,7,July,2024
15:25:42,2024-07-15,Coinbase,USDT,coinbasepro,2750909240.5082874,100607482.21462046,85241945.88379006,185849428.0984105,15,15,7,July,2024
15:25:44,2024-07-15,Coinbase,TONCOIN,coinbasepro,364669866.8582155,13336869.353554886,11299961.699366463,24636831.052921347,15,15,7,July,2024
15:25:45,2024-07-15,Coinbase,TONCOIN,coinbasepro,364669866.8582155,13336869.353554886,11299961.699366463,24636831.052921347,15,15,7,July,2024
15:25:47,2024-07-15,Coinbase,USDC,coinbasepro,2755516925.291154,100775996.52182354,85384723.41026276,186160719.9320863,15,15,7,July,2024
15:25:47,2024-07-15,Coinbase,USDC,coinbasepro,2755516925.291154,100775996.52182354,85384723.41026276,186160719.9320863,15,15,7,July,2024
15:25:49,2024-07-15,Coinbase,XRP,coinbasepro,5139657158.530868,187784650.44921494,159288200.13226873,347072850.58148366,15,15,7,July,2024
15:25:50,2024-07-15,Coinbase,XRP,coinbasepro,5139657158.530868,187784650.44921494,159288200.13226873,347072850.58148366,15,15,7,July,2024
15:26:00,2024-07-15,Coinbase,BTC,coinbasepro,43135.50973460747,1575.7313064380069,1337.550920754389,2913.282227192396,15,15,7,July,2024
15:26:01,2024-07-15,Coinbase,BTC,coinbasepro,43135.50973460747,1575.7313064380069,1337.550920754389,2913.282227192396,15,15,7,July,2024
15:26:03,2024-07-15,Coinbase,ETH,coinbasepro,805007.4610220176,29406.75712546114,24961.76531421139,54368.52243967253,15,15,7,July,2024
15:26:03,2024-07-15,Coinbase,ETH,coinbasepro,805007.4610220176,29406.75712546114,24961.76531421139,54368.52243967253,15,15,7,July,2024
15:26:05,2024-07-15,Coinbase,BNB,coinbasepro,4742592.392994887,173245.9255331619,147058.85849133102,320304.78402449295,15,15,7,July,2024
15:26:06,2024-07-15,Coinbase,BNB,coinbasepro,4742592.392994887,173245.9255331619,147058.85849133102,320304.78402449295,15,15,7,July,2024
15:26:08,2024-07-15,Coinbase,ADA,coinbasepro,6301892938.033158,230206854.01365644,195409831.7980277,425616685.81168413,15,15,7,July,2024
15:26:08,2024-07-15,Coinbase,ADA,coinbasepro,6301892938.033158,230206854.01365644,195409831.7980277,425616685.81168413,15,15,7,July,2024
15:26:10,2024-07-15,Coinbase,DOGE,coinbasepro,22581618350.02899,824901877.8982432,700213457.5906696,1525115335.4889128,15,15,7,July,2024
15:26:11,2024-07-15,Coinbase,DOGE,coinbasepro,22581618350.02899,824901877.8982432,700213457.5906696,1525115335.4889128,15,15,7,July,2024
15:26:13,2024-07-15,Coinbase,SOL,coinbasepro,17538689.414400846,640684.7201805942,543841.7285292011,1184526.4487097955,15,15,7,July,2024
15:26:13,2024-07-15,Coinbase,SOL,coinbasepro,17538689.414400846,640684.7201805942,543841.7285292011,1184526.4487097955,15,15,7,July,2024
15:26:15,2024-07-15,Coinbase,USDT,coinbasepro,2749937285.5535464,100454643.94063704,85270376.33121973,185725020.27185678,15,15,7,July,2024
15:26:16,2024-07-15,Coinbase,USDT,coinbasepro,2749937285.5535464,100454643.94063704,85270376.33121973,185725020.27185678,15,15,7,July,2024
15:26:18,2024-07-15,Coinbase,TONCOIN,coinbasepro,364497871.4848074,13315032.342548827,11302392.544265492,24617424.88681432,15,15,7,July,2024
15:26:19,2024-07-15,Coinbase,TONCOIN,coinbasepro,364497871.4848074,13315032.342548827,11302392.544265492,24617424.88681432,15,15,7,July,2024
15:26:21,2024-07-15,Coinbase,USDC,coinbasepro,2754584436.0102353,100624403.39184986,85414475.71500982,186038879.10685968,15,15,7,July,2024
15:26:21,2024-07-15,Coinbase,USDC,coinbasepro,2754584436.0102353,100624403.39184986,85414475.71500982,186038879.10685968,15,15,7,July,2024
15:26:23,2024-07-15,Coinbase,XRP,coinbasepro,5136184069.657075,187623748.60018492,159263395.14245132,346887143.74263626,15,15,7,July,2024
15:26:24,2024-07-15,Coinbase,XRP,coinbasepro,5136184069.657075,187623748.60018492,159263395.14245132,346887143.74263626,15,15,7,July,2024
15:26:34,2024-07-15,Coinbase,BTC,coinbasepro,43120.50197376111,1574.3039461039505,1335.3727499742065,2909.6766960781565,15,15,7,July,2024
15:26:35,2024-07-15,Coinbase,BTC,coinbasepro,43120.50197376111,1574.3039461039505,1335.3727499742065,2909.6766960781565,15,15,7,July,2024
15:26:37,2024-07-15,Coinbase,ETH,coinbasepro,804829.4534928043,29383.84588717004,24924.276652087894,54308.12253925793,15,15,7,July,2024
15:26:37,2024-07-15,Coinbase,ETH,coinbasepro,804829.4534928043,29383.84588717004,24924.276652087894,54308.12253925793,15,15,7,July,2024
15:26:39,2024-07-15,Coinbase,BNB,coinbasepro,4741024.327736987,173091.9856237506,146821.91543310878,319913.90105685935,15,15,7,July,2024
15:26:40,2024-07-15,Coinbase,BNB,coinbasepro,4741024.327736987,173091.9856237506,146821.91543310878,319913.90105685935,15,15,7,July,2024
15:26:42,2024-07-15,Coinbase,ADA,coinbasepro,6298020007.362244,229936974.20928225,195039573.0954504,424976547.3047326,15,15,7,July,2024
15:26:42,2024-07-15,Coinbase,ADA,coinbasepro,6298020007.362244,229936974.20928225,195039573.0954504,424976547.3047326,15,15,7,July,2024
15:26:45,2024-07-15,Coinbase,DOGE,coinbasepro,22583715619.709103,824518059.6327914,699381432.2958804,1523899491.9286718,15,15,7,July,2024
15:26:45,2024-07-15,Coinbase,DOGE,coinbasepro,22583715619.709103,824518059.6327914,699381432.2958804,1523899491.9286718,15,15,7,July,2024
15:26:47,2024-07-15,Coinbase,SOL,coinbasepro,17540057.067957707,640377.078026065,543187.420586983,1183564.4986130479,15,15,7,July,2024
15:26:48,2024-07-15,Coinbase,SOL,coinbasepro,17540057.067957707,640377.078026065,543187.420586983,1183564.4986130479,15,15,7,July,2024
15:26:50,2024-07-15,Coinbase,USDT,coinbasepro,2748954815.3617573,100362709.5092464,85130719.34037788,185493428.84962425,15,15,7,July,2024
15:26:51,2024-07-15,Coinbase,USDT,coinbasepro,2748954815.3617573,100362709.5092464,85130719.34037788,185493428.84962425,15,15,7,July,2024
15:26:53,2024-07-15,Coinbase,TONCOIN,coinbasepro,364519642.8681198,13308395.91220161,11288588.38917545,24596984.301377058,15,15,7,July,2024
15:26:53,2024-07-15,Coinbase,TONCOIN,coinbasepro,364519642.8681198,13308395.91220161,11288588.38917545,24596984.301377058,15,15,7,July,2024
15:26:55,2024-07-15,Coinbase,USDC,coinbasepro,2753621806.063509,100533098.57110538,85275248.55321716,185808347.1243225,15,15,7,July,2024
15:26:56,2024-07-15,Coinbase,USDC,coinbasepro,2753621806.063509,100533098.57110538,85275248.55321716,185808347.1243225,15,15,7,July,2024
15:26:58,2024-07-15,Coinbase,XRP,coinbasepro,5142140358.486327,186130249.6920943,158591616.9031935,344721866.5952878,15,15,7,July,2024
15:26:59,2024-07-15,Coinbase,XRP,coinbasepro,5142140358.486327,186130249.6920943,158591616.9031935,344721866.5952878,15,15,7,July,2024
15:27:09,2024-07-15,Coinbase,BTC,coinbasepro,43183.6518400885,1547.0957393469387,1328.4479692796363,2875.5437086265747,15,15,7,July,2024
15:27:10,2024-07-15,Coinbase,BTC,coinbasepro,43183.6518400885,1547.0957393469387,1328.4479692796363,2875.5437086265747,15,15,7,July,2024
15:27:12,2024-07-15,Coinbase,ETH,coinbasepro,806172.9650875876,28881.919576469496,24800.098943103974,53682.01851957347,15,15,7,July,2024
15:27:12,2024-07-15,Coinbase,ETH,coinbasepro,806172.9650875876,28881.919576469496,24800.098943103974,53682.01851957347,15,15,7,July,2024
15:27:14,2024-07-15,Coinbase,BNB,coinbasepro,4747783.3958283905,170093.89317578357,146054.88285529107,316148.77603107464,15,15,7,July,2024
15:27:15,2024-07-15,Coinbase,BNB,coinbasepro,4747783.3958283905,170093.89317578357,146054.88285529107,316148.77603107464,15,15,7,July,2024
15:27:17,2024-07-15,Coinbase,ADA,coinbasepro,6304940310.911776,225880532.93800318,193957314.76059672,419837847.6985999,15,15,7,July,2024
15:27:17,2024-07-15,Coinbase,ADA,coinbasepro,6304940310.911776,225880532.93800318,193957314.76059672,419837847.6985999,15,15,7,July,2024
15:27:19,2024-07-15,Coinbase,DOGE,coinbasepro,22619254454.077324,810356482.1866529,695830513.7650167,1506186995.9516695,15,15,7,July,2024
15:27:20,2024-07-15,Coinbase,DOGE,coinbasepro,22619254454.077324,810356482.1866529,695830513.7650167,1506186995.9516695,15,15,7,July,2024
15:27:22,2024-07-15,Coinbase,SOL,coinbasepro,17564940.999505263,629280.8557007684,540345.9227514365,1169626.7784522048,15,15,7,July,2024
15:27:22,2024-07-15,Coinbase,SOL,coinbasepro,17564940.999505263,629280.8557007684,540345.9227514365,1169626.7784522048,15,15,7,July,2024
15:27:24,2024-07-15,Coinbase,USDT,coinbasepro,2753026323.5170393,98629808.13191111,84690665.86569856,183320473.99760965,15,15,7,July,2024
15:27:25,2024-07-15,Coinbase,USDT,coinbasepro,2753026323.5170393,98629808.13191111,84690665.86569856,183320473.99760965,15,15,7,July,2024
15:27:27,2024-07-15,Coinbase,TONCOIN,coinbasepro,365079466.6566873,13079321.996183828,11230849.0699608,24310171.066144627,15,15,7,July,2024
15:27:27,2024-07-15,Coinbase,TONCOIN,coinbasepro,365079466.6566873,13079321.996183828,11230849.0699608,24310171.066144627,15,15,7,July,2024
15:27:29,2024-07-15,Coinbase,USDC,coinbasepro,2757766762.7820077,98799638.91455595,84836494.822878,183636133.73743394,15,15,7,July,2024
15:27:30,2024-07-15,Coinbase,USDC,coinbasepro,2757766762.7820077,98799638.91455595,84836494.822878,183636133.73743394,15,15,7,July,2024
15:27:32,2024-07-15,Coinbase,XRP,coinbasepro,5140273186.53976,184176330.05635175,158215891.28081545,342392221.3371672,15,15,7,July,2024
15:27:32,2024-07-15,Coinbase,XRP,coinbasepro,5140273186.53976,184176330.05635175,158215891.28081545,342392221.3371672,15,15,7,July,2024
15:27:42,2024-07-15,Coinbase,BTC,coinbasepro,43172.85211917458,1545.5504058275662,1328.6600478520338,2874.2104536796005,15,15,7,July,2024
15:27:43,2024-07-15,Coinbase,BTC,coinbasepro,43172.85211917458,1545.5504058275662,1328.6600478520338,2874.2104536796005,15,15,7,July,2024
15:27:45,2024-07-15,Coinbase,ETH,coinbasepro,805951.619675273,28852.364199336054,24803.450895674705,53655.81509501077,15,15,7,July,2024
15:27:45,2024-07-15,Coinbase,ETH,coinbasepro,805951.619675273,28852.364199336054,24803.450895674705,53655.81509501077,15,15,7,July,2024
15:27:48,2024-07-15,Coinbase,BNB,coinbasepro,4746688.399341621,169927.2997227153,146081.04228089415,316008.34200360946,15,15,7,July,2024
15:27:48,2024-07-15,Coinbase,BNB,coinbasepro,4746688.399341621,169927.2997227153,146081.04228089415,316008.34200360946,15,15,7,July,2024
15:27:50,2024-07-15,Coinbase,ADA,coinbasepro,6302798341.886939,225634676.81641123,193970885.30118003,419605562.1175913,15,15,7,July,2024
15:27:51,2024-07-15,Coinbase,ADA,coinbasepro,6302798341.886939,225634676.81641123,193970885.30118003,419605562.1175913,15,15,7,July,2024
15:27:53,2024-07-15,Coinbase,DOGE,coinbasepro,22609478676.095184,809399593.2195715,695814836.0633373,1505214429.282909,15,15,7,July,2024
15:27:53,2024-07-15,Coinbase,DOGE,coinbasepro,22609478676.095184,809399593.2195715,695814836.0633373,1505214429.282909,15,15,7,July,2024
15:27:56,2024-07-15,Coinbase,SOL,coinbasepro,17560742.25557303,628659.2380974503,540438.1573216522,1169097.3954191026,15,15,7,July,2024
15:27:56,2024-07-15,Coinbase,SOL,coinbasepro,17560742.25557303,628659.2380974503,540438.1573216522,1169097.3954191026,15,15,7,July,2024
15:27:58,2024-07-15,Coinbase,USDT,coinbasepro,2752347850.884218,98531649.61560254,84704494.78683144,183236144.402434,15,15,7,July,2024
15:27:59,2024-07-15,Coinbase,USDT,coinbasepro,2752347850.884218,98531649.61560254,84704494.78683144,183236144.402434,15,15,7,July,2024
15:28:00,2024-07-15,Coinbase,TONCOIN,coinbasepro,364931455.3269075,13064227.429839995,11230896.75796549,24295124.187805485,15,15,7,July,2024
15:28:01,2024-07-15,Coinbase,TONCOIN,coinbasepro,364931455.3269075,13064227.429839995,11230896.75796549,24295124.187805485,15,15,7,July,2024
15:28:03,2024-07-15,Coinbase,USDC,coinbasepro,2757073901.518356,98700838.10135256,84849940.69446735,183550778.79581994,15,15,7,July,2024
15:28:04,2024-07-15,Coinbase,USDC,coinbasepro,2757073901.518356,98700838.10135256,84849940.69446735,183550778.79581994,15,15,7,July,2024
15:28:06,2024-07-15,Coinbase,XRP,coinbasepro,5139415124.863246,183986573.5537277,158167348.47359028,342153922.027318,15,15,7,July,2024
15:28:06,2024-07-15,Coinbase,XRP,coinbasepro,5139415124.863246,183986573.5537277,158167348.47359028,342153922.027318,15,15,7,July,2024
15:28:17,2024-07-15,Coinbase,BTC,coinbasepro,43273.23525200742,1527.2551411293377,1317.3654694309714,2844.620610560309,15,15,7,July,2024
15:28:17,2024-07-15,Coinbase,BTC,coinbasepro,43273.23525200742,1527.2551411293377,1317.3654694309714,2844.620610560309,15,15,7,July,2024
15:28:19,2024-07-15,Coinbase,ETH,coinbasepro,807477.8033481848,28498.553882775177,24582.01632644337,53080.570209218546,15,15,7,July,2024
15:28:20,2024-07-15,Coinbase,ETH,coinbasepro,807477.8033481848,28498.553882775177,24582.01632644337,53080.570209218546,15,15,7,July,2024
15:28:22,2024-07-15,Coinbase,BNB,coinbasepro,4756724.616703371,167880.4943399672,144808.78818383705,312689.2825238043,15,15,7,July,2024
15:28:22,2024-07-15,Coinbase,BNB,coinbasepro,4756724.616703371,167880.4943399672,144808.78818383705,312689.2825238043,15,15,7,July,2024
15:28:24,2024-07-15,Coinbase,ADA,coinbasepro,6313997384.238185,222841784.53487876,192216784.33869818,415058568.87357694,15,15,7,July,2024
15:28:25,2024-07-15,Coinbase,ADA,coinbasepro,6313997384.238185,222841784.53487876,192216784.33869818,415058568.87357694,15,15,7,July,2024
15:28:27,2024-07-15,Coinbase,DOGE,coinbasepro,22640687420.793163,799064503.9766151,689249593.6261077,1488314097.602723,15,15,7,July,2024
15:28:27,2024-07-15,Coinbase,DOGE,coinbasepro,22640687420.793163,799064503.9766151,689249593.6261077,1488314097.602723,15,15,7,July,2024
15:28:30,2024-07-15,Coinbase,SOL,coinbasepro,17596709.417008635,621045.8905505284,535695.9614084461,1156741.8519589745,15,15,7,July,2024
15:28:30,2024-07-15,Coinbase,SOL,coinbasepro,17596709.417008635,621045.8905505284,535695.9614084461,1156741.8519589745,15,15,7,July,2024
15:28:33,2024-07-15,Coinbase,USDT,coinbasepro,2757976565.0482497,97338085.85270436,83960976.59755774,181299062.4502621,15,15,7,July,2024
15:28:33,2024-07-15,Coinbase,USDT,coinbasepro,2757976565.0482497,97338085.85270436,83960976.59755774,181299062.4502621,15,15,7,July,2024
15:28:35,2024-07-15,Coinbase,TONCOIN,coinbasepro,365557292.5557909,12901722.073282097,11128646.876231298,24030368.949513394,15,15,7,July,2024
15:28:36,2024-07-15,Coinbase,TONCOIN,coinbasepro,365557292.5557909,12901722.073282097,11128646.876231298,24030368.949513394,15,15,7,July,2024
15:33:09,2024-07-15,Coinbase,BTC,coinbasepro,44047.6298962023,1457.5845754855984,1278.17938517381,2735.7639606594084,15,15,7,July,2024
15:33:11,2024-07-15,Coinbase,ETH,coinbasepro,824383.8906570998,27279.770696679305,23922.0701996984,51201.840896377704,15,15,7,July,2024
15:33:18,2024-07-15,Coinbase,BNB,coinbasepro,4817516.707703624,159416.93257594277,139795.2752061258,299212.2077820686,15,15,7,July,2024
15:33:26,2024-07-15,Coinbase,ADA,coinbasepro,6399797487.090764,210755594.99453315,185412419.56515393,396168014.5596871,15,15,7,July,2024
15:33:33,2024-07-15,Coinbase,DOGE,coinbasepro,23054341519.00195,759216439.8710005,667921328.939219,1427137768.8102195,15,15,7,July,2024
15:33:40,2024-07-15,Coinbase,SOL,coinbasepro,17926616.056136195,590352.2167335032,519362.8805111923,1109715.0972446955,15,15,7,July,2024
15:33:48,2024-07-15,Coinbase,USDT,coinbasepro,2789877750.399939,91875148.61737216,80827242.58635671,172702391.20372888,15,15,7,July,2024
15:33:55,2024-07-15,Coinbase,TONCOIN,coinbasepro,370438017.6963449,12199118.016729414,10732184.775931258,22931302.792660672,15,15,7,July,2024
15:34:02,2024-07-15,Coinbase,USDC,coinbasepro,2794771642.049101,92036312.31801088,80969026.49336176,173005338.81137264,15,15,7,July,2024
15:34:09,2024-07-15,Coinbase,XRP,coinbasepro,5233022855.429541,172331835.14645833,151609083.1345991,323940918.2810574,15,15,7,July,2024
15:34:25,2024-07-15,Coinbase,BTC,coinbasepro,44027.10600663395,1438.7819243349534,1270.2135800976257,2708.995504432579,15,15,7,July,2024
15:34:27,2024-07-15,Coinbase,ETH,coinbasepro,823579.939102971,26914.145332370677,23760.871831706154,50675.017164076824,15,15,7,July,2024
15:34:34,2024-07-15,Coinbase,BNB,coinbasepro,4819973.539675798,157514.11877068097,139059.6930192256,296573.8117899066,15,15,7,July,2024
15:34:41,2024-07-15,Coinbase,ADA,coinbasepro,6398258203.789685,209091604.82756513,184594337.36571538,393685942.19328046,15,15,7,July,2024
15:34:48,2024-07-15,Coinbase,DOGE,coinbasepro,23047146812.161133,753168246.7576883,664926712.6233481,1418094959.3810363,15,15,7,July,2024
15:34:55,2024-07-15,Coinbase,SOL,coinbasepro,17933156.970192295,586045.834833801,517384.4384440881,1103430.273277889,15,15,7,July,2024
15:35:02,2024-07-15,Coinbase,USDT,coinbasepro,2789797756.6457343,90942637.70409621,80520216.58367294,171462854.28776914,15,15,7,July,2024
15:35:09,2024-07-15,Coinbase,TONCOIN,coinbasepro,370249551.0696367,12069502.422826003,10686285.043823197,22755787.4666492,15,15,7,July,2024
15:35:17,2024-07-15,Coinbase,USDC,coinbasepro,2794691753.777055,91102173.6442834,80661469.0124682,171763642.6567516,15,15,7,July,2024
15:35:24,2024-07-15,Coinbase,XRP,coinbasepro,5230564257.4191265,170507453.13609758,150966558.72595882,321474011.8620564,15,15,7,July,2024
15:45:32,2024-07-15,Coinbase,SOL,coinbasepro,18122236.16394952,586789.1899275805,519038.7346627505,1105827.9245903308,15,15,7,July,2024
15:45:35,2024-07-15,Coinbase,USDT,coinbasepro,2822306001.420377,91384895.18173708,80833630.16328032,172218525.34501737,15,15,7,July,2024
15:45:42,2024-07-15,Coinbase,TONCOIN,coinbasepro,374318427.53701794,12120248.565480748,10720849.305355376,22841097.870836124,15,15,7,July,2024
15:45:50,2024-07-15,Coinbase,USDC,coinbasepro,2827177385.835934,91542628.23902485,80973151.42214884,172515779.66117367,15,15,7,July,2024
15:45:57,2024-07-15,Coinbase,XRP,coinbasepro,5278661610.867684,170920494.71823084,151186079.82098424,322106574.5392151,15,15,7,July,2024
13:34:53,2024-07-19,Coinbase,BTC,coinbasepro,33694.028480707224,1424.4265386427137,1278.6489208867058,2703.0754595294197,13,19,7,July,2024
13:34:57,2024-07-19,Coinbase,ETH,coinbasepro,639301.748961766,27026.69934357245,24260.75267013569,51287.45201370814,13,19,7,July,2024
13:35:06,2024-07-19,Coinbase,BNB,coinbasepro,3757744.0381653765,158859.91004174668,142601.98545625966,301461.8954980064,13,19,7,July,2024
13:35:16,2024-07-19,Coinbase,ADA,coinbasepro,5129950622.804791,216870411.12444878,194675618.316381,411546029.4408298,13,19,7,July,2024
20:08:24,2024-07-19,Coinbase,USDT,coinbasepro,2619820609.3322873,89532399.53628235,83337079.97269619,172869479.50897852,20,19,7,July,2024
20:08:28,2024-07-19,Coinbase,TONCOIN,coinbasepro,358829494.6646902,12263002.118266981,11414446.54145805,23677448.65972503,20,19,7,July,2024
20:08:37,2024-07-19,Coinbase,USDC,coinbasepro,2620280076.7837977,89548101.84173639,83351695.73517053,172899797.57690692,20,19,7,July,2024
20:08:46,2024-07-19,Coinbase,XRP,coinbasepro,4568400691.629728,156125146.32025442,145321848.53782812,301446994.85808253,20,19,7,July,2024
20:20:45,2024-07-19,Coinbase,BTC,coinbasepro,39408.65753981181,1339.4141013420378,1258.8388100781115,2598.2529114201493,20,19,7,July,2024
20:20:49,2024-07-19,Coinbase,ETH,coinbasepro,751480.8772345668,25541.191877445268,24004.707400619944,49545.89927806521,20,19,7,July,2024
20:20:58,2024-07-19,Coinbase,BNB,coinbasepro,4431229.2840955695,150514.156751682,141560.3542638888,292074.5110155708,20,19,7,July,2024
20:21:08,2024-07-19,Coinbase,ADA,coinbasepro,6000800601.097129,203827286.83231935,191701987.0777568,395529273.91007614,20,19,7,July,2024
20:21:17,2024-07-19,Coinbase,DOGE,coinbasepro,20892395099.04374,709645344.2709559,667429885.0336763,1377075229.3046322,20,19,7,July,2024
20:21:26,2024-07-19,Coinbase,SOL,coinbasepro,15542060.388397403,527912.2256073495,496507.72585137084,1024419.9514587204,20,19,7,July,2024
20:21:35,2024-07-19,Coinbase,USDT,coinbasepro,2629961889.900009,89331079.65505639,84016942.69601743,173348022.3510738,20,19,7,July,2024
20:21:45,2024-07-19,Coinbase,TONCOIN,coinbasepro,359742703.3208024,12219266.069630284,11492365.043876505,23711631.113506787,20,19,7,July,2024
20:21:55,2024-07-19,Coinbase,USDC,coinbasepro,2630268327.0296965,89341488.30764809,84026732.1575544,173368220.46520248,20,19,7,July,2024
20:22:04,2024-07-19,Coinbase,XRP,coinbasepro,4582131318.016297,155639798.17791384,146381080.9768193,302020879.1547332,20,19,7,July,2024
20:22:22,2024-07-19,Coinbase,BTC,coinbasepro,39441.55304115648,1335.3838438178072,1258.7334428513095,2594.1172866691168,20,19,7,July,2024
20:22:26,2024-07-19,Coinbase,ETH,coinbasepro,752333.5112255439,25471.968991813723,24009.890020536983,49481.8590123507,20,19,7,July,2024
20:22:36,2024-07-19,Coinbase,BNB,coinbasepro,4433172.265328694,150095.17028408434,141479.7785083999,291574.94879248424,20,19,7,July,2024
20:22:45,2024-07-19,Coinbase,ADA,coinbasepro,6004690109.903542,203302495.50595906,191633028.4308823,394935523.93684137,20,19,7,July,2024
20:22:54,2024-07-19,Coinbase,DOGE,coinbasepro,20907980054.970318,707887408.5697932,667255006.1656404,1375142414.7354336,20,19,7,July,2024
20:23:03,2024-07-19,Coinbase,SOL,coinbasepro,15551057.097060243,526516.5491843824,496294.7483161777,1022811.2975005601,20,19,7,July,2024
20:23:14,2024-07-19,Coinbase,USDT,coinbasepro,2631073852.493382,89081013.3882121,83967805.3571885,173048818.7454006,20,19,7,July,2024
20:23:23,2024-07-19,Coinbase,TONCOIN,coinbasepro,359932413.019661,12186333.75595699,11486843.962793738,23673177.71875073,20,19,7,July,2024
20:23:32,2024-07-19,Coinbase,USDC,coinbasepro,2631404185.363209,89092197.5618421,83978347.56454249,173070545.1263846,20,19,7,July,2024
20:23:42,2024-07-19,Coinbase,XRP,coinbasepro,4582439983.249733,155148969.73024997,146243492.2569242,301392461.9871742,20,19,7,July,2024
20:24:00,2024-07-19,Coinbase,BTC,coinbasepro,39428.6284303548,1339.5171220585148,1255.1251865220602,2594.642308580575,20,19,7,July,2024
20:24:05,2024-07-19,Coinbase,ETH,coinbasepro,752070.7945241103,25550.25996008585,23940.548627559092,49490.80858764494,20,19,7,July,2024
20:24:09,2024-07-19,Coinbase,BNB,coinbasepro,4431207.247652521,150542.33981546908,141057.9075316247,291600.24734709377,20,19,7,July,2024
20:24:19,2024-07-19,Coinbase,ADA,coinbasepro,6002119849.05208,203911285.4420988,191064515.68245593,394975801.1245547,20,19,7,July,2024
20:24:29,2024-07-19,Coinbase,DOGE,coinbasepro,20903257730.824932,710150790.2234187,665410040.9468454,1375560831.170264,20,19,7,July,2024
20:24:38,2024-07-19,Coinbase,SOL,coinbasepro,15543461.866496475,528061.3131905555,494792.5213489189,1022853.8345394745,20,19,7,July,2024
20:24:47,2024-07-19,Coinbase,USDT,coinbasepro,2629816856.066668,89343323.53968966,83714536.95935304,173057860.4990427,20,19,7,July,2024
20:24:57,2024-07-19,Coinbase,TONCOIN,coinbasepro,359747532.6219675,12221778.914187131,11451785.338679984,23673564.252867114,20,19,7,July,2024
20:25:06,2024-07-19,Coinbase,USDC,coinbasepro,2630297008.924871,89359635.87416266,83729821.5880531,173089457.46221578,20,19,7,July,2024
20:25:16,2024-07-19,Coinbase,XRP,coinbasepro,4580334227.115896,155608662.18843484,145805042.6810265,301413704.8694613,20,19,7,July,2024
20:25:33,2024-07-19,Coinbase,BTC,coinbasepro,39479.183692197454,1340.4033198985821,1254.434358474869,2594.837678373451,20,19,7,July,2024
20:25:38,2024-07-19,Coinbase,ETH,coinbasepro,752544.5073741587,25550.50691828576,23911.78332591162,49462.290244197386,20,19,7,July,2024
20:25:47,2024-07-19,Coinbase,BNB,coinbasepro,4436232.691644729,150619.65500817675,140959.41684043582,291579.07184861257,20,19,7,July,2024
20:25:56,2024-07-19,Coinbase,ADA,coinbasepro,6009384624.51673,204031551.5146197,190945653.91873205,394977205.4333518,20,19,7,July,2024
20:26:06,2024-07-19,Coinbase,DOGE,coinbasepro,20932661169.435085,710708933.2084712,665126452.2078196,1375835385.416291,20,19,7,July,2024
20:26:15,2024-07-19,Coinbase,SOL,coinbasepro,15560293.038369417,528305.4637056056,494421.7278516236,1022727.1915572294,20,19,7,July,2024
20:26:24,2024-07-19,Coinbase,USDT,coinbasepro,2632809430.393322,89389550.9257191,83656405.72894531,173045956.65466443,20,19,7,July,2024
20:26:34,2024-07-19,Coinbase,TONCOIN,coinbasepro,360161748.66042894,12228267.113342803,11443987.181967096,23672254.2953099,20,19,7,July,2024
20:26:43,2024-07-19,Coinbase,USDC,coinbasepro,2632980662.8490806,89664433.99634966,83643257.26875485,173307691.26510453,20,19,7,July,2024
20:26:52,2024-07-19,Coinbase,XRP,coinbasepro,4587528822.827708,156225292.9331005,145734398.64932278,301959691.58242327,20,19,7,July,2024
21:11:04,2024-07-19,Coinbase,BTC,coinbasepro,39335.98496404797,1306.4070199464034,1263.9762518487237,2570.3832717951273,21,19,7,July,2024
21:11:08,2024-07-19,Coinbase,ETH,coinbasepro,749903.6237481922,24905.423348195938,24096.52058946368,49001.94393765961,21,19,7,July,2024
21:11:17,2024-07-19,Coinbase,BNB,coinbasepro,4439772.629736211,147468.3601101577,142693.13653150675,290161.4966416644,21,19,7,July,2024
21:11:26,2024-07-19,Coinbase,ADA,coinbasepro,5999540752.425081,199276519.30832213,192823677.94654283,392100197.254865,21,19,7,July,2024
21:11:36,2024-07-19,Coinbase,DOGE,coinbasepro,20924866490.694656,695025625.0149617,672519761.7242948,1367545386.7392566,21,19,7,July,2024
21:11:46,2024-07-19,Coinbase,SOL,coinbasepro,15404948.011734242,511679.90127630887,495111.0187887622,1006790.9200650711,21,19,7,July,2024
21:11:55,2024-07-19,Coinbase,USDT,coinbasepro,2618826745.262754,86985104.36095591,84168409.84407398,171153514.2050299,21,19,7,July,2024
21:12:05,2024-07-19,Coinbase,TONCOIN,coinbasepro,359092517.91842043,11927364.115581563,11541140.044782005,23468504.160363566,21,19,7,July,2024
21:12:14,2024-07-19,Coinbase,USDC,coinbasepro,2619093900.262706,86993977.99323928,84176996.13622504,171170974.12946433,21,19,7,July,2024
21:12:23,2024-07-19,Coinbase,XRP,coinbasepro,4539921276.160941,150794827.00095978,145911887.9563018,296706714.95726156,21,19,7,July,2024
21:45:03,2024-07-19,Coinbase,BTC,coinbasepro,39685.623508829995,1340.883229254172,1266.1943161291024,2607.0775453832744,21,19,7,July,2024
21:45:07,2024-07-19,Coinbase,ETH,coinbasepro,757028.0885179931,25578.18620998268,24153.448480361836,49731.634690344516,21,19,7,July,2024
21:45:16,2024-07-19,Coinbase,BNB,coinbasepro,4482363.337419286,151448.4414042781,143012.56925957013,294461.01066384825,21,19,7,July,2024
21:45:25,2024-07-19,Coinbase,ADA,coinbasepro,6054105524.475338,204553887.48264983,193159973.979768,397713861.46241784,21,19,7,July,2024
21:45:34,2024-07-19,Coinbase,DOGE,coinbasepro,21100468130.40812,712938773.0409333,673420120.743612,1386358893.7845452,21,19,7,July,2024
21:45:43,2024-07-19,Coinbase,SOL,coinbasepro,15550865.58681742,525429.8133420439,496304.9026410258,1021734.7159830696,21,19,7,July,2024
21:45:53,2024-07-19,Coinbase,USDT,coinbasepro,2638723073.543344,89156694.4780578,84214681.8645082,173371376.34256598,21,19,7,July,2024
21:46:02,2024-07-19,Coinbase,TONCOIN,coinbasepro,361780301.1088124,12231321.50675548,11541084.373611555,23772405.880367033,21,19,7,July,2024
21:46:11,2024-07-19,Coinbase,USDC,coinbasepro,2638973178.2418747,89220251.3289203,84185379.956956,173405631.2858763,21,19,7,July,2024
21:46:21,2024-07-19,Coinbase,XRP,coinbasepro,4564116914.962645,154306857.5326841,145599023.06778324,299905880.6004673,21,19,7,July,2024
21:46:45,2024-07-19,Coinbase,BTC,coinbasepro,39667.91235328295,1354.9549727772246,1271.294328943492,2626.2493017207166,21,19,7,July,2024
21:46:50,2024-07-19,Coinbase,ETH,coinbasepro,756645.9757885095,25845.101662922985,24249.31590730001,50094.417570223,21,19,7,July,2024
21:46:59,2024-07-19,Coinbase,BNB,coinbasepro,4480173.98305599,153031.34591973215,143582.54416350406,296613.8900832362,21,19,7,July,2024
21:47:10,2024-07-19,Coinbase,ADA,coinbasepro,6052762960.035569,206746984.78462398,193981552.57080504,400728537.355429,21,19,7,July,2024
21:47:19,2024-07-19,Coinbase,DOGE,coinbasepro,21093987203.396603,720516940.8058336,676029181.1591977,1396546121.9650311,21,19,7,July,2024
21:47:28,2024-07-19,Coinbase,SOL,coinbasepro,15543238.389978688,530917.4821704604,498136.39403590455,1029053.876206365,21,19,7,July,2024
21:47:42,2024-07-19,Coinbase,USDT,coinbasepro,2637711323.6984367,90097508.61013503,84534507.82444143,174632016.43457645,21,19,7,July,2024
21:47:57,2024-07-19,Coinbase,TONCOIN,coinbasepro,361685163.8022283,12354245.086281074,11591441.805903776,23945686.89218485,21,19,7,July,2024
21:48:13,2024-07-19,Coinbase,USDC,coinbasepro,2637902873.0092034,90154603.90254015,84504818.9095112,174659422.81205133,21,19,7,July,2024
21:48:28,2024-07-19,Coinbase,XRP,coinbasepro,4564076915.844711,155984722.0831589,146209512.5672931,302194234.650452,21,19,7,July,2024
21:49:04,2024-07-19,Coinbase,BTC,coinbasepro,39705.02013164298,1356.3255906337306,1274.167718155929,2630.4933087896597,21,19,7,July,2024
21:49:15,2024-07-19,Coinbase,ETH,coinbasepro,757284.3127813586,25868.872233419843,24301.894863992784,50170.76709741263,21,19,7,July,2024
21:49:25,2024-07-19,Coinbase,BNB,coinbasepro,4483266.762631473,153148.63006324548,143871.82683415717,297020.45689740265,21,19,7,July,2024
21:49:35,2024-07-19,Coinbase,ADA,coinbasepro,6057886301.094294,206937716.89528945,194402701.2080998,401340418.10338926,21,19,7,July,2024
21:53:13,2024-07-19,Coinbase,BTC,coinbasepro,39805.2519230915,1373.631480508401,1253.563216946306,2627.194697454707,21,19,7,July,2024
21:53:17,2024-07-19,Coinbase,ETH,coinbasepro,758463.3329597494,26178.063409627142,23890.37837824753,50068.44178787467,21,19,7,July,2024
21:53:26,2024-07-19,Coinbase,BNB,coinbasepro,4490642.573005331,154992.7609122052,141448.03785294888,296440.7987651541,21,19,7,July,2024
21:53:36,2024-07-19,Coinbase,ADA,coinbasepro,6066974246.870004,209399228.19916502,191099957.07135865,400499185.27052367,21,19,7,July,2024
21:53:45,2024-07-19,Coinbase,DOGE,coinbasepro,21187465558.31264,731277034.4617751,667371179.4200058,1398648213.8817809,21,19,7,July,2024
21:53:55,2024-07-19,Coinbase,SOL,coinbasepro,15560536.291484231,537065.785549182,490131.93336762,1027197.718916802,21,19,7,July,2024
21:54:04,2024-07-19,Coinbase,USDT,coinbasepro,2641703194.740929,91177346.00495525,83209413.22121282,174386759.22616804,21,19,7,July,2024
21:54:14,2024-07-19,Coinbase,TONCOIN,coinbasepro,362308649.3617575,12504940.42979898,11412141.295198962,23917081.72499794,21,19,7,July,2024
21:54:24,2024-07-19,Coinbase,USDC,coinbasepro,2642184315.131039,91193951.68585324,83224567.7417621,174418519.42761534,21,19,7,July,2024
21:54:34,2024-07-19,Coinbase,XRP,coinbasepro,4572485859.418252,157817549.72962776,144025970.0945695,301843519.82419723,21,19,7,July,2024
21:54:52,2024-07-19,Coinbase,BTC,coinbasepro,39796.75148453284,1373.7410566752308,1254.3082769738055,2628.049333649036,21,19,7,July,2024
21:54:57,2024-07-19,Coinbase,ETH,coinbasepro,758245.7415965326,26173.82744632183,23898.2799898708,50072.10743619262,21,19,7,July,2024
21:55:01,2024-07-19,Coinbase,BNB,coinbasepro,4489335.224245399,154967.0233039274,141494.22050364016,296461.2438075675,21,19,7,July,2024
23:02:29,2024-07-19,Coinbase,BTC,coinbasepro,38940.29565326305,1365.596526663443,1263.85611423637,2629.452640899813,23,19,7,July,2024
23:02:33,2024-07-19,Coinbase,ETH,coinbasepro,742173.7413323619,26027.27756278239,24088.179225983535,50115.45678876592,23,19,7,July,2024
23:02:37,2024-07-19,Coinbase,BNB,coinbasepro,4398003.121319766,154233.49222121228,142742.7050067826,296976.1972279949,23,19,7,July,2024
23:02:41,2024-07-19,Coinbase,ADA,coinbasepro,5958853866.493571,208970938.88132218,193402072.75436684,402373011.635689,23,19,7,July,2024
23:02:45,2024-07-19,Coinbase,DOGE,coinbasepro,20772991621.796227,728487668.9105629,674213485.844144,1402701154.7547069,23,19,7,July,2024
23:02:49,2024-07-19,Coinbase,SOL,coinbasepro,15162326.56563261,531727.3571452631,492112.31744763424,1023839.6745928974,23,19,7,July,2024
23:02:54,2024-07-19,Coinbase,USDT,coinbasepro,2593410919.870803,90948280.82256341,84172402.72112378,175120683.5436872,23,19,7,July,2024
23:02:58,2024-07-19,Coinbase,TONCOIN,coinbasepro,353911088.4592873,12411301.584639676,11486628.068470703,23897929.65311038,23,19,7,July,2024
23:03:03,2024-07-19,Coinbase,USDC,coinbasepro,2594174598.805809,90975062.26537566,84197188.87837115,175172251.14374682,23,19,7,July,2024
23:03:07,2024-07-19,Coinbase,XRP,coinbasepro,4504060160.409561,157952804.6141858,146184919.17241162,304137723.78659743,23,19,7,July,2024
23:03:20,2024-07-19,Coinbase,BTC,coinbasepro,38928.81150767186,1365.0604964710526,1263.6224005672025,2628.682897038255,23,19,7,July,2024
23:03:25,2024-07-19,Coinbase,ETH,coinbasepro,741953.2919085504,26017.006165508516,24083.673852859705,50100.68001836822,23,19,7,July,2024
23:03:29,2024-07-19,Coinbase,BNB,coinbasepro,4392605.007775888,154029.14552205364,142583.1888953354,296612.334417389,23,19,7,July,2024
23:03:34,2024-07-19,Coinbase,ADA,coinbasepro,5955679376.679473,208839220.41006327,193320309.03345636,402159529.4435196,23,19,7,July,2024
23:03:38,2024-07-19,Coinbase,DOGE,coinbasepro,20764547692.642197,728120450.7548084,674013579.810875,1402134030.5656834,23,19,7,July,2024
23:03:43,2024-07-19,Coinbase,SOL,coinbasepro,15158716.499329325,531548.8520978981,492049.28151030885,1023598.133608207,23,19,7,July,2024
23:03:47,2024-07-19,Coinbase,USDT,coinbasepro,2592639774.8090672,90912360.30861093,84156632.81692037,175068993.1255313,23,19,7,July,2024
23:03:51,2024-07-19,Coinbase,TONCOIN,coinbasepro,353969841.68998307,12393151.356088532,11497244.632090403,23890395.988178935,23,19,7,July,2024
23:03:56,2024-07-19,Coinbase,USDC,coinbasepro,2594964370.659402,90854593.87075537,84286672.66845843,175141266.5392138,23,19,7,July,2024
23:03:59,2024-07-19,Coinbase,XRP,coinbasepro,4503639147.552254,157680895.47500026,146282069.5877737,303962965.062774,23,19,7,July,2024
23:04:45,2024-07-19,Coinbase,BTC,coinbasepro,38930.970282792165,1363.17968605567,1284.2081691998733,2647.3878552555434,23,19,7,July,2024
23:04:49,2024-07-19,Coinbase,ETH,coinbasepro,742119.9309363434,25985.553586796043,24480.162475060337,50465.71606185638,23,19,7,July,2024
23:04:54,2024-07-19,Coinbase,BNB,coinbasepro,4392901.7092729015,153818.78050871333,144907.77446751425,298726.5549762276,23,19,7,July,2024
23:04:58,2024-07-19,Coinbase,ADA,coinbasepro,5955423708.896649,208530960.38581383,196450376.71697,404981337.1027838,23,19,7,July,2024
23:05:03,2024-07-19,Coinbase,DOGE,coinbasepro,20773701515.035778,727397434.581732,685257957.773545,1412655392.355277,23,19,7,July,2024
23:05:07,2024-07-19,Coinbase,SOL,coinbasepro,15161602.59128343,531232.4100889821,500152.4860426559,1031384.896131638,23,19,7,July,2024
23:05:11,2024-07-19,Coinbase,USDT,coinbasepro,2592646671.1106567,90841184.58527032,85526491.68707989,176367676.2723502,23,19,7,July,2024
23:05:15,2024-07-19,Coinbase,TONCOIN,coinbasepro,353688625.01447177,12392546.20718766,11667516.281405337,24060062.488592997,23,19,7,July,2024
23:05:19,2024-07-19,Coinbase,USDC,coinbasepro,2593426850.2788324,90868520.5121498,85552228.31671204,176420748.82886183,23,19,7,July,2024
23:05:24,2024-07-19,Coinbase,XRP,coinbasepro,4499530391.659345,157654598.8353515,148430965.51724124,306085564.35259277,23,19,7,July,2024
23:05:38,2024-07-19,Coinbase,BTC,coinbasepro,38956.91703092685,1366.2146778855797,1285.764235734199,2651.9789136197787,23,19,7,July,2024
23:05:42,2024-07-19,Coinbase,ETH,coinbasepro,742581.6403552961,26042.2542106284,24508.739090511113,50550.99330113952,23,19,7,July,2024
23:05:47,2024-07-19,Coinbase,BNB,coinbasepro,4395747.421465831,154158.36532230396,145080.64946090837,299239.01478321233,23,19,7,July,2024
23:05:50,2024-07-19,Coinbase,ADA,coinbasepro,5959022339.712036,208982240.04480356,196676184.57231328,405658424.61711687,23,19,7,July,2024
23:05:55,2024-07-19,Coinbase,DOGE,coinbasepro,20787589544.26393,729018416.1823674,686089691.3869787,1415108107.5693464,23,19,7,July,2024
23:05:59,2024-07-19,Coinbase,SOL,coinbasepro,15172689.855856003,532104.5186306656,500771.19709086453,1032875.7157215303,23,19,7,July,2024
23:06:03,2024-07-19,Coinbase,USDT,coinbasepro,2594578183.2769885,90991563.68304607,85633466.12426722,176625029.80731332,23,19,7,July,2024
23:06:07,2024-07-19,Coinbase,TONCOIN,coinbasepro,353935737.20916224,12412486.30684845,11681568.95707339,24094055.263921842,23,19,7,July,2024
23:06:11,2024-07-19,Coinbase,USDC,coinbasepro,2595392917.3589683,91020136.31523077,85660356.23837486,176680492.55360565,23,19,7,July,2024
23:06:15,2024-07-19,Coinbase,XRP,coinbasepro,4499167811.715086,157785306.7211579,148494016.05053356,306279322.7716915,23,19,7,July,2024
23:06:29,2024-07-19,Coinbase,BTC,coinbasepro,38946.32762306793,1365.7933982937661,1286.9023132736945,2652.695711567461,23,19,7,July,2024
23:06:33,2024-07-19,Coinbase,ETH,coinbasepro,742379.8506277858,26034.226097692102,24530.4347138191,50564.66081151121,23,19,7,July,2024
23:06:37,2024-07-19,Coinbase,BNB,coinbasepro,4394143.441461064,154096.4827694995,145195.5474313659,299292.0302008654,23,19,7,July,2024
23:06:41,2024-07-19,Coinbase,ADA,coinbasepro,5957334093.172028,208915399.02379623,196848008.3576982,405763407.38149446,23,19,7,July,2024
23:06:45,2024-07-19,Coinbase,DOGE,coinbasepro,20782378064.53627,728809017.2737287,686711483.183313,1415520500.4570417,23,19,7,July,2024
23:06:49,2024-07-19,Coinbase,SOL,coinbasepro,15168543.559032897,531939.6697722998,501213.7212020542,1033153.3909743541,23,19,7,July,2024
23:06:54,2024-07-19,Coinbase,USDT,coinbasepro,2593902458.2279253,90964541.96023627,85710239.64587308,176674781.60610938,23,19,7,July,2024
23:06:58,2024-07-19,Coinbase,TONCOIN,coinbasepro,353803540.3622804,12409856.207890598,11692018.132626036,24101874.340516634,23,19,7,July,2024
23:07:02,2024-07-19,Coinbase,USDC,coinbasepro,2594465981.552134,91002339.1353217,85738382.57731289,176740721.7126346,23,19,7,July,2024
23:07:06,2024-07-19,Coinbase,XRP,coinbasepro,4497344760.885843,157746872.01477644,148622132.04284248,306369004.0576189,23,19,7,July,2024
23:07:19,2024-07-19,Coinbase,BTC,coinbasepro,38962.63575509774,1364.1438301301168,1286.9020441034386,2651.0458742335554,23,19,7,July,2024
23:07:23,2024-07-19,Coinbase,ETH,coinbasepro,742704.1981166818,26003.254909161264,24530.875085767548,50534.129994928815,23,19,7,July,2024
23:07:27,2024-07-19,Coinbase,BNB,coinbasepro,4396265.296687923,153920.23829669517,145204.827319427,299125.06561612216,23,19,7,July,2024
23:07:31,2024-07-19,Coinbase,ADA,coinbasepro,5958950648.873113,208632337.21672845,196818968.27893603,405451305.4956645,23,19,7,July,2024
23:07:35,2024-07-19,Coinbase,DOGE,coinbasepro,20792264825.854443,727970252.1898762,686750462.0097791,1414720714.1996553,23,19,7,July,2024
23:07:39,2024-07-19,Coinbase,SOL,coinbasepro,15175625.72956187,531322.7867197648,501237.7472272709,1032560.5339470358,23,19,7,July,2024
23:07:43,2024-07-19,Coinbase,USDT,coinbasepro,2595166448.6319456,90860903.79803863,85716095.50558074,176576999.30361935,23,19,7,July,2024
23:07:48,2024-07-19,Coinbase,TONCOIN,coinbasepro,354047912.8863859,12395780.382265797,11693895.291579029,24089675.673844825,23,19,7,July,2024
23:07:52,2024-07-19,Coinbase,USDC,coinbasepro,2595903011.885323,90886692.04870808,85740423.55059136,176627115.59929943,23,19,7,July,2024
23:07:55,2024-07-19,Coinbase,XRP,coinbasepro,4502042746.524026,157623675.00636226,148698564.68539354,306322239.6917558,23,19,7,July,2024
23:08:08,2024-07-19,Coinbase,BTC,coinbasepro,38952.508266475044,1362.2242669596083,1287.5761506460663,2649.8004176056747,23,19,7,July,2024
23:08:12,2024-07-19,Coinbase,ETH,coinbasepro,742481.7371418553,25976.787404136972,24545.947827046883,50522.73523118386,23,19,7,July,2024
23:08:16,2024-07-19,Coinbase,BNB,coinbasepro,4395015.6496154005,153765.91969440144,145296.26715101697,299062.1868454185,23,19,7,July,2024
23:08:21,2024-07-19,Coinbase,ADA,coinbasepro,5955602640.30394,208365291.57771668,196888225.49394712,405253517.0716638,23,19,7,July,2024
23:08:25,2024-07-19,Coinbase,DOGE,coinbasepro,20784846249.73883,727187626.6418979,687133064.8524854,1414320691.4943833,23,19,7,July,2024
23:08:29,2024-07-19,Coinbase,SOL,coinbasepro,15166558.765573228,530623.7891079253,501396.25199222285,1032020.0411001481,23,19,7,July,2024
23:08:33,2024-07-19,Coinbase,USDT,coinbasepro,2594397951.1766095,90768729.58367094,85769054.73435448,176537784.31802544,23,19,7,July,2024
23:08:37,2024-07-19,Coinbase,TONCOIN,coinbasepro,353946512.91781,12383325.890135571,11701234.124747042,24084560.014882617,23,19,7,July,2024
23:08:41,2024-07-19,Coinbase,USDC,coinbasepro,2595145032.8102674,90794867.30504544,85793752.7516726,176588620.05671805,23,19,7,July,2024
23:08:45,2024-07-19,Coinbase,XRP,coinbasepro,4499103596.056955,157407585.6382048,148737344.78965893,306144930.4278638,23,19,7,July,2024
23:08:58,2024-07-19,Coinbase,BTC,coinbasepro,38975.3421414381,1361.4205774303662,1288.465268275616,2649.885845705982,23,19,7,July,2024
23:09:03,2024-07-19,Coinbase,ETH,coinbasepro,742686.9491143097,25942.281441532275,24552.095929338248,50494.37737087052,23,19,7,July,2024
23:09:07,2024-07-19,Coinbase,BNB,coinbasepro,4398819.737239805,153652.11381475098,145418.2604034899,299070.37421824085,23,19,7,July,2024
23:09:11,2024-07-19,Coinbase,ADA,coinbasepro,5960602166.333415,208205649.9638699,197048401.5626816,405254051.5265514,23,19,7,July,2024
23:09:15,2024-07-19,Coinbase,DOGE,coinbasepro,20802060030.65266,726622295.6016706,687684325.1514145,1414306620.753085,23,19,7,July,2024
23:09:19,2024-07-19,Coinbase,SOL,coinbasepro,15178215.912605075,530179.7068801592,501768.63019728515,1031948.3370774443,23,19,7,July,2024
23:09:23,2024-07-19,Coinbase,USDT,coinbasepro,2596727396.505914,90704479.22564127,85843840.68871145,176548319.91435272,23,19,7,July,2024
23:09:27,2024-07-19,Coinbase,TONCOIN,coinbasepro,354286970.6713077,12375351.842635289,11712186.00355097,24087537.846186258,23,19,7,July,2024
23:09:32,2024-07-19,Coinbase,USDC,coinbasepro,2597416285.524161,90728542.32896449,85866614.30723381,176595156.63619828,23,19,7,July,2024
23:09:36,2024-07-19,Coinbase,XRP,coinbasepro,4501027252.451595,157222253.46541533,148797084.71320984,306019338.17862517,23,19,7,July,2024
23:09:50,2024-07-19,Coinbase,BTC,coinbasepro,38962.26423802914,1361.9439737459031,1288.1413487298094,2650.0853224757125,23,19,7,July,2024
23:09:54,2024-07-19,Coinbase,ETH,coinbasepro,742409.4528345235,25951.26592650815,24544.988146520453,50496.2540730286,23,19,7,July,2024
23:09:58,2024-07-19,Coinbase,BNB,coinbasepro,4397558.886062974,153718.70555254907,145388.81518807897,299107.520740628,23,19,7,July,2024
23:10:03,2024-07-19,Coinbase,ADA,coinbasepro,5957150183.34079,208234940.95041057,196950860.578189,405185801.5285995,23,19,7,July,2024
23:10:07,2024-07-19,Coinbase,DOGE,coinbasepro,20790219337.069386,726731736.2767694,687350740.5429934,1414082476.8197627,23,19,7,July,2024
23:10:11,2024-07-19,Coinbase,SOL,coinbasepro,15172974.294346755,530378.336786116,501637.57045427844,1032015.9072403943,23,19,7,July,2024
23:10:15,2024-07-19,Coinbase,USDT,coinbasepro,2596269593.1983085,90753804.88859974,85835930.76154941,176589735.65014914,23,19,7,July,2024
23:10:21,2024-07-19,Coinbase,TONCOIN,coinbasepro,354173942.23678666,12380314.022315172,11709434.976639478,24089748.99895465,23,19,7,July,2024
23:10:25,2024-07-19,Coinbase,USDC,coinbasepro,2596933656.0557375,90777017.51303394,85857885.51293615,176634903.02597007,23,19,7,July,2024
23:10:29,2024-07-19,Coinbase,XRP,coinbasepro,4499348147.194692,157276796.2719041,148754095.8945437,306030892.1664478,23,19,7,July,2024
23:10:42,2024-07-19,Coinbase,BTC,coinbasepro,38954.96376999251,1361.790779703381,1287.3537200446335,2649.1444997480144,23,19,7,July,2024
23:10:46,2024-07-19,Coinbase,ETH,coinbasepro,742313.9140661504,25949.869952118966,24531.420035617582,50481.28998773655,23,19,7,July,2024
23:10:50,2024-07-19,Coinbase,BNB,coinbasepro,4395834.700928765,153669.94563697197,145270.16860688568,298940.1142438577,23,19,7,July,2024
23:10:54,2024-07-19,Coinbase,ADA,coinbasepro,5954109427.933743,208144239.7990633,196766834.8213895,404911074.62045276,23,19,7,July,2024
23:10:58,2024-07-19,Coinbase,DOGE,coinbasepro,20778291525.516575,726369198.6599636,686665017.8263223,1413034216.486286,23,19,7,July,2024
23:11:03,2024-07-19,Coinbase,SOL,coinbasepro,15164628.648512222,530126.3169721505,501148.99911152927,1031275.3160836798,23,19,7,July,2024
23:11:07,2024-07-19,Coinbase,USDT,coinbasepro,2599868130.142778,90810755.58809929,85846173.56014344,176656929.14824274,23,19,7,July,2024
23:11:11,2024-07-19,Coinbase,TONCOIN,coinbasepro,354595067.39770275,12385645.881366292,11708528.34667512,24094174.228041414,23,19,7,July,2024
23:11:15,2024-07-19,Coinbase,USDC,coinbasepro,2600702138.444023,90839886.65175776,85873712.04201843,176713598.6937762,23,19,7,July,2024
23:11:19,2024-07-19,Coinbase,XRP,coinbasepro,4504760355.777722,157346708.0536213,148744636.2626517,306091344.316273,23,19,7,July,2024
23:11:32,2024-07-19,Coinbase,BTC,coinbasepro,38979.56735051206,1358.35315294878,1287.4917467487278,2645.8448996975076,23,19,7,July,2024
23:11:36,2024-07-19,Coinbase,ETH,coinbasepro,743250.3419093787,25900.65806232199,24549.49467169815,50450.152734020136,23,19,7,July,2024
23:11:40,2024-07-19,Coinbase,BNB,coinbasepro,4401764.6439426625,153391.92528414336,145389.9064411263,298781.8317252697,23,19,7,July,2024
23:11:43,2024-07-19,Coinbase,ADA,coinbasepro,5960602398.049219,207714030.99623817,196878182.97547704,404592213.9717152,23,19,7,July,2024
23:11:48,2024-07-19,Coinbase,DOGE,coinbasepro,20796241964.234344,724703806.678664,686898077.9487675,1411601884.6274314,23,19,7,July,2024
23:11:53,2024-07-19,Coinbase,SOL,coinbasepro,15180837.288553517,529019.165602365,501421.7459622786,1030440.9115646436,23,19,7,July,2024
23:11:57,2024-07-19,Coinbase,USDT,coinbasepro,2599615356.6429405,90590941.77205169,85865070.95633703,176456012.72838873,23,19,7,July,2024
23:12:01,2024-07-19,Coinbase,TONCOIN,coinbasepro,354526386.2042849,12353559.560620846,11711038.093674473,24064597.65429532,23,19,7,July,2024
23:12:05,2024-07-19,Coinbase,USDC,coinbasepro,2600243036.9117384,90606111.36026792,85893593.37710452,176499704.73737246,23,19,7,July,2024
23:12:09,2024-07-19,Coinbase,XRP,coinbasepro,4503381776.795849,156921451.17741776,148759803.47489914,305681254.6523169,23,19,7,July,2024
23:12:21,2024-07-19,Coinbase,BTC,coinbasepro,38967.27473796367,1357.2706399884084,1288.714541226397,2645.9851812148054,23,19,7,July,2024
23:12:26,2024-07-19,Coinbase,ETH,coinbasepro,742990.3042560844,25879.12376588069,24571.96238443123,50451.086150311916,23,19,7,July,2024
23:12:30,2024-07-19,Coinbase,BNB,coinbasepro,4400286.902664662,153266.56176685911,145525.02722258246,298791.5889894416,23,19,7,July,2024
23:12:34,2024-07-19,Coinbase,ADA,coinbasepro,5958153581.090427,207528675.75512746,197046347.49144417,404575023.2465716,23,19,7,July,2024
23:12:38,2024-07-19,Coinbase,DOGE,coinbasepro,20787908253.645596,724064429.1697857,687491743.4770875,1411556172.6468732,23,19,7,July,2024
23:12:43,2024-07-19,Coinbase,SOL,coinbasepro,15173225.973265084,528499.2154547177,501804.580396032,1030303.7958507497,23,19,7,July,2024
23:12:48,2024-07-19,Coinbase,USDT,coinbasepro,2598831385.356968,90519995.59489189,85947806.69232102,176467802.2872129,23,19,7,July,2024
23:12:52,2024-07-19,Coinbase,TONCOIN,coinbasepro,354450675.2114579,12345885.05415504,11722291.136965228,24068176.19112027,23,19,7,July,2024
23:12:56,2024-07-19,Coinbase,USDC,coinbasepro,2599649697.5908413,90548498.25967531,85974869.67997277,176523367.9396481,23,19,7,July,2024
23:13:00,2024-07-19,Coinbase,XRP,coinbasepro,4501762325.083896,156801056.09463063,148880993.30766648,305682049.4022971,23,19,7,July,2024
23:13:13,2024-07-19,Coinbase,BTC,coinbasepro,39005.94079979679,1357.7987291608745,1289.1463503480595,2646.945079508934,23,19,7,July,2024
23:13:17,2024-07-19,Coinbase,ETH,coinbasepro,743525.6623554196,25882.165094450073,24573.523272655086,50455.688367105155,23,19,7,July,2024
23:13:21,2024-07-19,Coinbase,BNB,coinbasepro,4402085.407911739,153236.81085398482,145488.9235118624,298725.7343658472,23,19,7,July,2024
23:13:25,2024-07-19,Coinbase,ADA,coinbasepro,5962163090.506007,207543192.17397532,197049491.19816563,404592683.37214094,23,19,7,July,2024
23:13:29,2024-07-19,Coinbase,DOGE,coinbasepro,20804767620.44871,724214990.237583,687597573.5439937,1411812563.7815769,23,19,7,July,2024
23:13:34,2024-07-19,Coinbase,SOL,coinbasepro,15184692.552471448,528579.8990535242,501854.0915510468,1030433.9906045711,23,19,7,July,2024
23:13:39,2024-07-19,Coinbase,USDT,coinbasepro,2600557116.1166773,90525521.88132043,85948413.1486698,176473935.02999023,23,19,7,July,2024
23:13:43,2024-07-19,Coinbase,TONCOIN,coinbasepro,354706224.09685975,12347341.210820833,11723040.76928174,24070381.980102573,23,19,7,July,2024
23:13:48,2024-07-19,Coinbase,USDC,coinbasepro,2601366031.376075,90553680.26152323,85975147.79813626,176528828.0596595,23,19,7,July,2024
23:13:52,2024-07-19,Coinbase,XRP,coinbasepro,4501886650.715498,156710897.05390865,148787354.60421887,305498251.65812755,23,19,7,July,2024
23:14:05,2024-07-19,Coinbase,BTC,coinbasepro,38990.806120818444,1356.9738904085727,1288.9724735933082,2645.9463640018807,23,19,7,July,2024
23:14:09,2024-07-19,Coinbase,ETH,coinbasepro,743293.3681600709,25868.398062396634,24572.06676861281,50440.46483100945,23,19,7,July,2024
23:14:13,2024-07-19,Coinbase,BNB,coinbasepro,4400757.91435927,153156.9665241141,145481.88095881118,298638.8474829253,23,19,7,July,2024
23:14:17,2024-07-19,Coinbase,ADA,coinbasepro,5960043859.667032,207423870.08356452,197029331.8049092,404453201.88847375,23,19,7,July,2024
23:14:22,2024-07-19,Coinbase,DOGE,coinbasepro,20799310012.075283,723927693.90678,687368762.6709433,1411296456.5777233,23,19,7,July,2024
23:14:26,2024-07-19,Coinbase,SOL,coinbasepro,15183130.687898159,528454.4909804286,501767.1138298726,1030221.6048103012,23,19,7,July,2024
23:14:30,2024-07-19,Coinbase,USDT,coinbasepro,2599536032.5621567,90477815.09039275,85908612.6022167,176386427.69260946,23,19,7,July,2024
23:14:35,2024-07-19,Coinbase,TONCOIN,coinbasepro,354568887.3185461,12340901.538492775,11717676.077536607,24058577.616029378,23,19,7,July,2024
23:14:38,2024-07-19,Coinbase,USDC,coinbasepro,2600309708.681256,90504743.17446887,85934180.7963724,176438923.97084126,23,19,7,July,2024
23:14:43,2024-07-19,Coinbase,XRP,coinbasepro,4498775518.405569,156581549.31835988,148674055.04439744,305255604.3627573,23,19,7,July,2024
23:14:56,2024-07-19,Coinbase,BTC,coinbasepro,39019.196405830866,1354.6554974780702,1288.3351414227998,2642.9906389008697,23,19,7,July,2024
23:15:00,2024-07-19,Coinbase,ETH,coinbasepro,743894.3850473985,25826.278116197624,24561.891736459485,50388.1698526571,23,19,7,July,2024
23:15:04,2024-07-19,Coinbase,BNB,coinbasepro,4405247.3143544085,152939.91270535064,145452.37843219863,298392.2911375492,23,19,7,July,2024
23:15:09,2024-07-19,Coinbase,ADA,coinbasepro,5963676309.654149,207044932.80762365,196908559.61989856,403953492.4275222,23,19,7,July,2024
23:15:13,2024-07-19,Coinbase,DOGE,coinbasepro,20812473879.25947,722560553.6162305,687185896.9034839,1409746450.5197144,23,19,7,July,2024
23:15:17,2024-07-19,Coinbase,SOL,coinbasepro,15195674.477269774,527558.3780460578,501730.51292677724,1029288.890972835,23,19,7,July,2024
23:15:22,2024-07-19,Coinbase,USDT,coinbasepro,2601728470.318776,90325944.66081475,85903824.92477399,176229769.58558872,23,19,7,July,2024
23:15:27,2024-07-19,Coinbase,TONCOIN,coinbasepro,354872481.1196392,12320344.900300499,11717173.347065879,24037518.247366376,23,19,7,July,2024
23:15:31,2024-07-19,Coinbase,USDC,coinbasepro,2602440700.0521884,90320325.12597977,85930328.04741167,176250653.17339143,23,19,7,July,2024
23:15:35,2024-07-19,Coinbase,XRP,coinbasepro,4500881088.33954,156207610.5111823,148615178.21161184,304822788.7227942,23,19,7,July,2024
23:15:48,2024-07-19,Coinbase,BTC,coinbasepro,39006.17183448907,1351.796335438253,1287.6549083154362,2639.4512437536896,23,19,7,July,2024
23:15:53,2024-07-19,Coinbase,ETH,coinbasepro,743738.1492421923,25774.959638112185,24551.96276211789,50326.922400230076,23,19,7,July,2024
23:15:57,2024-07-19,Coinbase,BNB,coinbasepro,4404202.144709181,152631.85387710965,145389.62020963553,298021.4740867452,23,19,7,July,2024
23:16:01,2024-07-19,Coinbase,ADA,coinbasepro,5961182396.471854,206590499.3861654,196787980.23941237,403378479.6255778,23,19,7,July,2024
23:16:05,2024-07-19,Coinbase,DOGE,coinbasepro,20802888035.65393,720944058.0955595,686735960.655369,1407680018.7509286,23,19,7,July,2024
23:16:09,2024-07-19,Coinbase,SOL,coinbasepro,15187135.909526633,526324.776381884,501351.175402054,1027675.9517839381,23,19,7,July,2024
23:16:14,2024-07-19,Coinbase,USDT,coinbasepro,2601107592.3545947,90143880.98235725,85866641.11935435,176010522.10171163,23,19,7,July,2024
23:16:18,2024-07-19,Coinbase,TONCOIN,coinbasepro,354780142.99737483,12295246.48625116,11711848.946414458,24007095.43266562,23,19,7,July,2024
23:16:23,2024-07-19,Coinbase,USDC,coinbasepro,2601942038.155557,90172799.50275576,85894187.4839628,176066986.98671857,23,19,7,July,2024
23:16:27,2024-07-19,Coinbase,XRP,coinbasepro,4498720597.654451,155907481.6127629,148509822.58114192,304417304.1939049,23,19,7,July,2024
23:16:40,2024-07-19,Coinbase,BTC,coinbasepro,39026.94596424084,1352.0478044120835,1288.0009938793428,2640.0487982914265,23,19,7,July,2024
23:16:44,2024-07-19,Coinbase,ETH,coinbasepro,744141.2189050455,25779.99575254926,24558.791518416172,50338.78727096543,23,19,7,July,2024
23:16:48,2024-07-19,Coinbase,BNB,coinbasepro,4407876.684523187,152706.28654595304,145472.55518700907,298178.8417329621,23,19,7,July,2024
23:16:52,2024-07-19,Coinbase,ADA,coinbasepro,5965098126.451013,206654597.8863045,196865322.80789915,403519920.6942036,23,19,7,July,2024
23:16:56,2024-07-19,Coinbase,DOGE,coinbasepro,20816128517.325375,721153043.4381763,686991860.5366012,1408144903.9747775,23,19,7,July,2024
23:17:01,2024-07-19,Coinbase,SOL,coinbasepro,15197701.337911576,526508.4986373628,501567.67188104254,1028076.1705184054,23,19,7,July,2024
23:17:06,2024-07-19,Coinbase,USDT,coinbasepro,2603292390.657313,90188347.41145165,85916104.98032403,176104452.39177567,23,19,7,July,2024
23:17:10,2024-07-19,Coinbase,TONCOIN,coinbasepro,355056654.7224733,12300567.174773993,11717886.523455922,24018453.698229916,23,19,7,July,2024
23:17:14,2024-07-19,Coinbase,USDC,coinbasepro,2603970669.4264693,90131488.57384297,85873210.94660193,176004699.52044487,23,19,7,July,2024
23:17:18,2024-07-19,Coinbase,XRP,coinbasepro,4497467969.765795,155671293.72369343,148316576.76787415,303987870.49156755,23,19,7,July,2024
23:17:32,2024-07-19,Coinbase,BTC,coinbasepro,39013.72066646516,1339.4674625446282,1295.9100808327034,2635.3775433773317,23,19,7,July,2024
23:17:36,2024-07-19,Coinbase,ETH,coinbasepro,743835.7943692761,25538.293375081885,24707.828116376502,50246.12149145838,23,19,7,July,2024
23:17:42,2024-07-19,Coinbase,BNB,coinbasepro,4406508.512023305,151289.7174238149,146370.01302248548,297659.73044630035,23,19,7,July,2024
23:17:46,2024-07-19,Coinbase,ADA,coinbasepro,5962202730.733823,204701741.50237682,198045161.82348245,402746903.32585925,23,19,7,July,2024
23:17:51,2024-07-19,Coinbase,DOGE,coinbasepro,20806475062.814613,714353716.6103235,691124053.7914767,1405477770.4018002,23,19,7,July,2024
23:18:02,2024-07-19,Coinbase,SOL,coinbasepro,15196220.080110447,521735.48185758106,504769.4620240321,1026504.9438816131,23,19,7,July,2024
23:18:07,2024-07-19,Coinbase,USDT,coinbasepro,2602431214.0123186,89349897.29591087,86444378.72881867,175794276.02472952,23,19,7,July,2024
23:18:11,2024-07-19,Coinbase,TONCOIN,coinbasepro,354890603.4012195,12184544.511474146,11788322.228281107,23972866.73975525,23,19,7,July,2024
23:18:15,2024-07-19,Coinbase,USDC,coinbasepro,2603250718.7374744,89378033.54890074,86471600.03497656,175849633.58387727,23,19,7,July,2024
23:18:19,2024-07-19,Coinbase,XRP,coinbasepro,4494395236.164254,154307153.47875717,149289326.7880018,303596480.2667589,23,19,7,July,2024
23:18:32,2024-07-19,Coinbase,BTC,coinbasepro,39035.31139340705,1338.2889753909953,1295.6007812723349,2633.88975666333,23,19,7,July,2024
23:18:37,2024-07-19,Coinbase,ETH,coinbasepro,744288.9786757602,25517.248335183704,24703.309589265136,50220.55792444883,23,19,7,July,2024
23:18:41,2024-07-19,Coinbase,BNB,coinbasepro,4408890.46807905,151154.66731317513,146333.19758663778,297487.86489981285,23,19,7,July,2024
23:18:46,2024-07-19,Coinbase,ADA,coinbasepro,5965175766.240728,204510446.54860437,197987056.0088219,402497502.5574262,23,19,7,July,2024
23:18:51,2024-07-19,Coinbase,DOGE,coinbasepro,20815760504.785423,713703247.6088029,690893943.7538993,1404597191.3627021,23,19,7,July,2024
23:18:56,2024-07-19,Coinbase,SOL,coinbasepro,15205135.133442603,521333.55024784675,504672.2061987628,1026005.7564466095,23,19,7,July,2024
23:19:01,2024-07-19,Coinbase,USDT,coinbasepro,2603591966.18703,89268515.61770631,86415575.40169579,175684091.0194021,23,19,7,July,2024
23:19:05,2024-07-19,Coinbase,TONCOIN,coinbasepro,355052008.0500692,12173553.359105261,11784497.713790458,23958051.072895717,23,19,7,July,2024
23:19:11,2024-07-19,Coinbase,USDC,coinbasepro,2604405473.767978,89296408.08900678,86442576.45509213,175738984.5440989,23,19,7,July,2024
23:19:16,2024-07-19,Coinbase,XRP,coinbasepro,4493851807.209121,154079243.3858231,149155011.51228786,303234254.898111,23,19,7,July,2024
23:19:29,2024-07-19,Coinbase,BTC,coinbasepro,39024.34320330162,1336.4588007589734,1296.075215388052,2632.5340161470253,23,19,7,July,2024
23:19:33,2024-07-19,Coinbase,ETH,coinbasepro,744088.7781181321,25482.658116276372,24712.65226279833,50195.310379074705,23,19,7,July,2024
23:19:38,2024-07-19,Coinbase,BNB,coinbasepro,4407711.86488422,150950.01810397883,146388.78289090504,297338.8009948839,23,19,7,July,2024
23:19:42,2024-07-19,Coinbase,ADA,coinbasepro,5963405546.37003,204227545.44314328,198056430.76919055,402283976.2123338,23,19,7,July,2024
23:19:47,2024-07-19,Coinbase,DOGE,coinbasepro,20808772305.95859,712375092.4602174,689843369.0059409,1402218461.4661584,23,19,7,July,2024
23:19:52,2024-07-19,Coinbase,SOL,coinbasepro,15202218.060139887,520438.2717519312,503977.32114003017,1024415.5928919615,23,19,7,July,2024
23:19:56,2024-07-19,Coinbase,USDT,coinbasepro,2602791853.400663,89104924.5942327,86286623.47643565,175391548.07066834,23,19,7,July,2024
23:20:01,2024-07-19,Coinbase,TONCOIN,coinbasepro,354961657.241062,12151886.69850193,11767534.475303395,23919421.173805322,23,19,7,July,2024
23:20:05,2024-07-19,Coinbase,USDC,coinbasepro,2603630112.565945,89133621.86390306,86314413.0796941,175448034.94359717,23,19,7,July,2024
23:20:09,2024-07-19,Coinbase,XRP,coinbasepro,4491127946.691723,153750910.39652753,148887920.33614543,302638830.7326729,23,19,7,July,2024
23:20:24,2024-07-19,Coinbase,BTC,coinbasepro,39015.06189689378,1335.8643195373804,1293.6054428390178,2629.469762376398,23,19,7,July,2024
23:20:28,2024-07-19,Coinbase,ETH,coinbasepro,743892.5741985185,25470.66438256072,24664.922624340274,50135.587006901,23,19,7,July,2024
23:20:33,2024-07-19,Coinbase,BNB,coinbasepro,4407252.790694332,150903.04779803113,146129.36442537204,297032.41222340317,23,19,7,July,2024
23:20:37,2024-07-19,Coinbase,ADA,coinbasepro,5960360051.777002,204080986.61503834,197625066.5610977,401706053.176136,23,19,7,July,2024
23:20:41,2024-07-19,Coinbase,DOGE,coinbasepro,20825752697.910744,711780724.2418953,690050819.6824964,1401831543.9243917,23,19,7,July,2024
