Time,Date,Name,Coin_Name,Code,Volume,Bid_Total,Ask_Total,Depth,Hour,Day,Month_Number,Month_Name,Year
14:50:27,2024-07-15,CoinDCX,BTC,coindcx,148495.11620470343,1713.4280359734641,2115.043007022418,3828.471042995882,14,15,7,July,2024
14:57:12,2024-07-15,CoinDCX,BTC,coindcx,149157.73605782815,1716.870995074564,2104.033546231763,3820.904541306327,14,15,7,July,2024
14:59:24,2024-07-15,CoinDCX,BTC,coindcx,149250.9514429282,1719.9054652465936,2104.282425585768,3824.187890832362,14,15,7,July,2024
15:01:46,2024-07-15,CoinDCX,ETH,coindcx,2791166.989646417,32126.396126096646,39329.26995720653,71455.66608330318,15,15,7,July,2024
15:02:34,2024-07-15,CoinDCX,BNB,coindcx,16379292.638225194,188043.80874155252,230659.37868850096,418703.1874300535,15,15,7,July,2024
15:02:57,2024-07-15,CoinDCX,ADA,coindcx,21734057968.1362,275771638.69027495,287245475.49108326,563017114.1813583,15,15,7,July,2024
15:03:19,2024-07-15,CoinDCX,DOGE,coindcx,78390685910.17207,995004681.7205596,1036524522.908882,2031529204.6294417,15,15,7,July,2024
15:03:53,2024-07-15,CoinDCX,SOL,coindcx,60912757.08600881,773683.2254685187,806055.6141897325,1579738.8396582513,15,15,7,July,2024
15:04:29,2024-07-15,CoinDCX,USDT,coindcx,9484613524.94469,120556904.84185135,124708311.67673104,245265216.5185824,15,15,7,July,2024
15:04:55,2024-07-15,CoinDCX,TONCOIN,coindcx,1262049526.9773834,16029933.278120715,16572728.855316758,32602662.133437473,15,15,7,July,2024
15:05:16,2024-07-15,CoinDCX,USDC,coindcx,9505367110.471798,120666987.22641322,124928924.1734046,245595911.39981782,15,15,7,July,2024
15:06:50,2024-07-15,CoinDCX,XRP,coindcx,17790990546.93868,225582857.85306332,234455587.6053583,460038445.45842165,15,15,7,July,2024
15:10:46,2024-07-15,CoinDCX,BTC,coindcx,149936.90420336617,1899.4580314175007,1973.137552075502,3872.595583493003,15,15,7,July,2024
15:10:48,2024-07-15,CoinDCX,ETH,coindcx,2805792.8007605034,35544.856006025846,36923.63243017629,72468.48843620214,15,15,7,July,2024
15:10:51,2024-07-15,CoinDCX,BNB,coindcx,16466059.54259655,208598.33814870522,216689.81756580115,425288.15571450634,15,15,7,July,2024
15:10:54,2024-07-15,CoinDCX,ADA,coindcx,21761959025.401653,275688817.70502585,286382720.704356,562071538.4093819,15,15,7,July,2024
15:10:57,2024-07-15,CoinDCX,DOGE,coindcx,78536407454.14197,994929238.335562,1033522304.4400492,2028451542.7756112,15,15,7,July,2024
15:10:59,2024-07-15,CoinDCX,SOL,coindcx,61161192.46181247,774813.3713304523,804868.1958408074,1579681.5671712596,15,15,7,July,2024
15:11:02,2024-07-15,CoinDCX,USDT,coindcx,9523480241.36473,120647089.03800346,125326960.63404478,245974049.67204824,15,15,7,July,2024
15:11:05,2024-07-15,CoinDCX,TONCOIN,coindcx,1264908306.6342816,16024342.071144726,16645922.449933456,32670264.521078184,15,15,7,July,2024
15:11:07,2024-07-15,CoinDCX,USDC,coindcx,9539192192.079851,120846134.0371892,125533726.54092461,246379860.57811382,15,15,7,July,2024
15:11:09,2024-07-15,CoinDCX,XRP,coindcx,17829095738.536205,225865801.8411576,234627082.02604932,460492883.86720693,15,15,7,July,2024
15:11:21,2024-07-15,CoinDCX,BTC,coindcx,150019.09575725315,1900.7396653985138,1973.1711928444795,3873.910858242993,15,15,7,July,2024
15:11:23,2024-07-15,CoinDCX,ETH,coindcx,2807432.893152861,35570.132129010344,36925.60392162897,72495.73605063932,15,15,7,July,2024
15:11:26,2024-07-15,CoinDCX,BNB,coindcx,16477307.260225588,208767.2328004648,216722.73024584207,425489.96304630686,15,15,7,July,2024
15:11:29,2024-07-15,CoinDCX,ADA,coindcx,21779459560.063393,275945421.9330867,286460880.08139884,562406302.0144855,15,15,7,July,2024
15:11:31,2024-07-15,CoinDCX,DOGE,coindcx,78575561447.39314,995551170.4702268,1033488660.4066296,2029039830.8768563,15,15,7,July,2024
15:11:34,2024-07-15,CoinDCX,SOL,coindcx,61205883.1683933,775477.6104113915,805028.7524455996,1580506.3628569911,15,15,7,July,2024
15:11:36,2024-07-15,CoinDCX,USDT,coindcx,9529885514.610683,120743504.77113499,125344680.11300851,246088184.8841435,15,15,7,July,2024
15:11:39,2024-07-15,CoinDCX,TONCOIN,coindcx,1265798478.3421073,16037647.501082217,16648794.480487106,32686441.981569324,15,15,7,July,2024
15:11:41,2024-07-15,CoinDCX,USDC,coindcx,9545337423.312944,120951803.66721699,125601930.42953701,246553734.09675398,15,15,7,July,2024
15:11:44,2024-07-15,CoinDCX,XRP,coindcx,17844624139.966003,226114528.9867966,234807753.81446308,460922282.80125964,15,15,7,July,2024
15:11:55,2024-07-15,CoinDCX,BTC,coindcx,149970.79236645214,1897.937602354049,1975.3535791784548,3873.2911815325033,15,15,7,July,2024
15:11:58,2024-07-15,CoinDCX,ETH,coindcx,2806705.829265883,35519.93323535737,36968.77450639928,72488.70774175665,15,15,7,July,2024
15:12:00,2024-07-15,CoinDCX,BNB,coindcx,16473564.53719694,208479.24510230354,216983.01487175815,425462.2599740616,15,15,7,July,2024
15:12:03,2024-07-15,CoinDCX,ADA,coindcx,21774608254.084015,275565976.0800167,286806181.8651517,562372157.9451684,15,15,7,July,2024
15:12:06,2024-07-15,CoinDCX,DOGE,coindcx,78553449885.0311,994123882.2499253,1034673725.0547637,2028797607.3046887,15,15,7,July,2024
15:12:08,2024-07-15,CoinDCX,SOL,coindcx,61178056.19569639,774294.0822033669,806268.1968235675,1580562.2790269344,15,15,7,July,2024
15:12:11,2024-07-15,CoinDCX,USDT,coindcx,9526571219.238695,120572116.4979467,125551086.067151,246123202.5650977,15,15,7,July,2024
15:12:14,2024-07-15,CoinDCX,TONCOIN,coindcx,1265311904.3077435,16014296.310968406,16675599.24169941,32689895.55266782,15,15,7,July,2024
15:12:16,2024-07-15,CoinDCX,USDC,coindcx,9543146286.657827,120781897.21693036,125769529.58352399,246551426.80045435,15,15,7,July,2024
15:12:19,2024-07-15,CoinDCX,XRP,coindcx,17839869764.51041,225788566.11189437,235112400.11595732,460900966.2278517,15,15,7,July,2024
15:12:30,2024-07-15,CoinDCX,BTC,coindcx,150078.29034330545,1893.4990553159498,1982.330036206686,3875.829091522636,15,15,7,July,2024
15:12:33,2024-07-15,CoinDCX,ETH,coindcx,2808473.594129685,35433.786493700965,37096.115292900264,72529.90178660123,15,15,7,July,2024
15:12:35,2024-07-15,CoinDCX,BNB,coindcx,16489241.924059048,208034.60960239952,217889.8158830008,425924.4254854003,15,15,7,July,2024
15:12:38,2024-07-15,CoinDCX,ADA,coindcx,21790478488.77168,274917046.2983419,287940668.69704735,562857714.9953892,15,15,7,July,2024
15:12:41,2024-07-15,CoinDCX,DOGE,coindcx,78629963272.74875,992025818.2779224,1039020974.966016,2031046793.2439384,15,15,7,July,2024
15:12:43,2024-07-15,CoinDCX,SOL,coindcx,61201229.40938055,772138.217512017,808716.6571536722,1580854.8746656892,15,15,7,July,2024
15:12:46,2024-07-15,CoinDCX,USDT,coindcx,9536779353.31225,120319671.38136058,126019565.17953071,246339236.56089127,15,15,7,July,2024
15:12:49,2024-07-15,CoinDCX,TONCOIN,coindcx,1266712574.3489122,15981332.380030813,16738414.71140381,32719747.091434624,15,15,7,July,2024
15:12:51,2024-07-15,CoinDCX,USDC,coindcx,9553150308.971981,120526213.64601865,126235891.9537363,246762105.59975496,15,15,7,July,2024
15:12:54,2024-07-15,CoinDCX,XRP,coindcx,17869722572.24139,225451283.70002756,236131568.63596493,461582852.33599246,15,15,7,July,2024
15:13:05,2024-07-15,CoinDCX,BTC,coindcx,150029.24674638387,1900.072173885258,1994.0324455135647,3894.1046193988227,15,15,7,July,2024
15:13:07,2024-07-15,CoinDCX,ETH,coindcx,2807367.3813318512,35554.40528311753,37312.602484202565,72867.0077673201,15,15,7,July,2024
15:13:10,2024-07-15,CoinDCX,BNB,coindcx,16484499.627209304,208770.8878191595,219094.79529866326,427865.6831178228,15,15,7,July,2024
15:13:12,2024-07-15,CoinDCX,ADA,coindcx,21783883511.03506,275885880.89390814,289528684.92182064,565414565.8157288,15,15,7,July,2024
15:13:15,2024-07-15,CoinDCX,DOGE,coindcx,78625506105.2622,995766755.8032649,1045008314.1712273,2040775069.9744923,15,15,7,July,2024
15:13:18,2024-07-15,CoinDCX,SOL,coindcx,61181768.25517195,774847.4242976267,813164.3237597286,1588011.7480573554,15,15,7,July,2024
15:13:21,2024-07-15,CoinDCX,USDT,coindcx,9534074541.122515,120745988.74683334,126716986.08925642,247462974.8360898,15,15,7,July,2024
15:13:24,2024-07-15,CoinDCX,TONCOIN,coindcx,1266382676.3160574,16038329.438699786,16831439.201179523,32869768.639879312,15,15,7,July,2024
15:13:26,2024-07-15,CoinDCX,USDC,coindcx,9550130471.855328,120949331.9473949,126930384.79329892,247879716.74069384,15,15,7,July,2024
15:13:29,2024-07-15,CoinDCX,XRP,coindcx,17866562982.50071,226274275.86439067,237463741.56728688,463738017.4316776,15,15,7,July,2024
15:13:40,2024-07-15,CoinDCX,BTC,coindcx,150188.4423795862,1900.6104317856218,1994.860698582006,3895.4711303676277,15,15,7,July,2024
15:13:43,2024-07-15,CoinDCX,ETH,coindcx,2810976.0351791247,35650.25067973923,37352.9514490907,73003.20212882993,15,15,7,July,2024
15:13:45,2024-07-15,CoinDCX,BNB,coindcx,16497478.777317684,209229.55110059312,219222.6173718637,428452.1684724568,15,15,7,July,2024
15:13:48,2024-07-15,CoinDCX,ADA,coindcx,21795813002.441727,276425763.71386695,289628205.5360127,566053969.2498796,15,15,7,July,2024
15:13:50,2024-07-15,CoinDCX,DOGE,coindcx,78727337156.84755,998460773.0073072,1046148514.1578343,2044609287.1651413,15,15,7,July,2024
15:13:53,2024-07-15,CoinDCX,SOL,coindcx,61195985.08731126,776119.1065498387,813187.5303234146,1589306.6368732532,15,15,7,July,2024
15:13:55,2024-07-15,CoinDCX,USDT,coindcx,9535979079.319742,120940214.50198324,126716471.11593996,247656685.61792317,15,15,7,July,2024
15:13:58,2024-07-15,CoinDCX,TONCOIN,coindcx,1266798988.562964,16066199.404731648,16833541.276538953,32899740.6812706,15,15,7,July,2024
15:14:01,2024-07-15,CoinDCX,USDC,coindcx,9552090364.493746,121144546.14623699,126930561.89627942,248075108.04251638,15,15,7,July,2024
15:14:03,2024-07-15,CoinDCX,XRP,coindcx,17869287931.98808,226627543.69701323,237451559.956412,464079103.65342516,15,15,7,July,2024
15:14:14,2024-07-15,CoinDCX,BTC,coindcx,150160.69618520176,1904.5926039646833,1995.6315953429428,3900.2241993076263,15,15,7,July,2024
15:14:17,2024-07-15,CoinDCX,ETH,coindcx,2810718.032563026,35650.2927373699,37354.36671434205,73004.65945171195,15,15,7,July,2024
15:14:20,2024-07-15,CoinDCX,BNB,coindcx,16495964.594430482,209229.7982094186,219230.92378116076,428460.7219905794,15,15,7,July,2024
15:14:23,2024-07-15,CoinDCX,ADA,coindcx,21793951237.54866,276427849.5819386,289641023.13013726,566068872.712076,15,15,7,July,2024
15:14:25,2024-07-15,CoinDCX,DOGE,coindcx,78722786285.42606,998495880.292082,1046223702.8447436,2044719583.1368256,15,15,7,July,2024
15:14:28,2024-07-15,CoinDCX,SOL,coindcx,61182838.24534713,776636.2354852812,813934.714147122,1590570.9496324032,15,15,7,July,2024
15:14:31,2024-07-15,CoinDCX,USDT,coindcx,9533960627.76991,121021180.18003534,126833303.92643164,247854484.10646698,15,15,7,July,2024
15:14:33,2024-07-15,CoinDCX,TONCOIN,coindcx,1266531511.7668438,16076963.632802501,16849070.647137966,32926034.279940467,15,15,7,July,2024
15:14:36,2024-07-15,CoinDCX,USDC,coindcx,9549900667.538294,121223518.16948198,127045359.33419722,248268877.5036792,15,15,7,July,2024
15:14:38,2024-07-15,CoinDCX,XRP,coindcx,17867738799.26333,226807611.34433767,237700199.74743205,464507811.09176975,15,15,7,July,2024
15:14:50,2024-07-15,CoinDCX,BTC,coindcx,150258.2244760223,1900.9872641238683,2001.0065937258187,3901.993857849687,15,15,7,July,2024
15:14:52,2024-07-15,CoinDCX,ETH,coindcx,2812600.4596169284,35583.527433827294,37455.73385307667,73039.26128690397,15,15,7,July,2024
15:14:55,2024-07-15,CoinDCX,BNB,coindcx,16505492.017410245,208818.72005749703,219805.59450040088,428624.314557898,15,15,7,July,2024
15:14:57,2024-07-15,CoinDCX,ADA,coindcx,21804240940.1625,275855677.62216926,290369662.25708336,566225339.8792527,15,15,7,July,2024
15:15:01,2024-07-15,CoinDCX,DOGE,coindcx,78767185215.12245,996520599.4346614,1048951946.1201562,2045472545.5548177,15,15,7,July,2024
15:15:03,2024-07-15,CoinDCX,SOL,coindcx,61209587.34591785,774391.1948422861,815135.3332273879,1589526.528069674,15,15,7,July,2024
15:15:06,2024-07-15,CoinDCX,USDT,coindcx,9539339645.544464,120745248.9027163,127000493.00376499,247745741.90648127,15,15,7,July,2024
15:15:08,2024-07-15,CoinDCX,TONCOIN,coindcx,1267160812.027862,16039228.430191774,16870145.505067028,32909373.935258802,15,15,7,July,2024
15:15:11,2024-07-15,CoinDCX,USDC,coindcx,9555270678.489119,120946897.71800698,127212588.29685743,248159486.01486441,15,15,7,July,2024
15:15:13,2024-07-15,CoinDCX,XRP,coindcx,17876172281.712162,226269632.0485166,237991598.7012857,464261230.7498023,15,15,7,July,2024
15:15:24,2024-07-15,CoinDCX,BTC,coindcx,150204.06712066577,1902.5536796823128,2002.6368744080862,3905.1905540903995,15,15,7,July,2024
15:15:26,2024-07-15,CoinDCX,ETH,coindcx,2811844.99225506,35616.1197180733,37489.69368509829,73105.8134031716,15,15,7,July,2024
15:15:29,2024-07-15,CoinDCX,BNB,coindcx,16499475.92666459,208989.9377484068,219983.78294645328,428973.72069486015,15,15,7,July,2024
15:15:33,2024-07-15,CoinDCX,ADA,coindcx,21796130846.873814,276079800.90341735,290602885.7281689,566682686.6315863,15,15,7,July,2024
15:15:35,2024-07-15,CoinDCX,DOGE,coindcx,78744759259.55382,997417276.0888551,1049886075.540716,2047303351.6295712,15,15,7,July,2024
15:15:38,2024-07-15,CoinDCX,SOL,coindcx,61184152.08978576,774986.5628015907,815754.4695907861,1590741.0323923768,15,15,7,July,2024
15:15:40,2024-07-15,CoinDCX,USDT,coindcx,9536742413.66949,120796758.16456582,127151230.89179268,247947989.05635852,15,15,7,July,2024
15:15:43,2024-07-15,CoinDCX,TONCOIN,coindcx,1266925980.8171864,16048557.060418693,16897744.92806003,32946301.98847872,15,15,7,July,2024
15:15:46,2024-07-15,CoinDCX,USDC,coindcx,9551817453.544092,120995930.11347775,127398267.43885368,248394197.55233142,15,15,7,July,2024
15:15:48,2024-07-15,CoinDCX,XRP,coindcx,17867244220.017773,226330103.50962844,238306057.3139993,464636160.8236277,15,15,7,July,2024
15:16:00,2024-07-15,CoinDCX,BTC,coindcx,150274.30773249269,1902.33984020562,2003.2559565537692,3905.595796759389,15,15,7,July,2024
15:16:02,2024-07-15,CoinDCX,ETH,coindcx,2814171.241693441,35624.91919619605,37514.76475087263,73139.68394706868,15,15,7,July,2024
15:16:05,2024-07-15,CoinDCX,BNB,coindcx,16515899.91519158,209076.6870238864,220167.87421739413,429244.5612412805,15,15,7,July,2024
15:16:08,2024-07-15,CoinDCX,ADA,coindcx,21817929073.10172,276195687.29224324,290847431.1734145,567043118.4656577,15,15,7,July,2024
15:16:11,2024-07-15,CoinDCX,DOGE,coindcx,78779488118.76822,997278650.6268085,1050182703.9463785,2047461354.5731869,15,15,7,July,2024
15:16:14,2024-07-15,CoinDCX,SOL,coindcx,61245242.79977846,775310.611368686,816439.6116709559,1591750.223039642,15,15,7,July,2024
15:16:16,2024-07-15,CoinDCX,USDT,coindcx,9546341272.818293,120848238.16862464,127259045.85174374,248107284.0203684,15,15,7,July,2024
15:23:06,2024-07-15,CoinDCX,BTC,coindcx,151945.58811057263,1739.2797835864321,2012.335004888662,3751.6147884750944,15,15,7,July,2024
15:23:09,2024-07-15,CoinDCX,ETH,coindcx,2831630.1364015164,32412.89932849692,37501.506396038225,69914.40572453514,15,15,7,July,2024
15:23:12,2024-07-15,CoinDCX,BNB,coindcx,16696482.618682822,191120.0913220635,221124.65949087133,412244.7508129348,15,15,7,July,2024
15:23:14,2024-07-15,CoinDCX,ADA,coindcx,22165022163.196526,253716974.81034312,293548832.4325345,547265807.2428776,15,15,7,July,2024
15:23:17,2024-07-15,CoinDCX,DOGE,coindcx,79484131937.21428,909833220.6507427,1052670913.4459935,1962504134.0967362,15,15,7,July,2024
15:23:20,2024-07-15,CoinDCX,SOL,coindcx,61763903.456079856,706994.5891312725,817987.9818082394,1524982.570939512,15,15,7,July,2024
15:23:23,2024-07-15,CoinDCX,USDT,coindcx,9678656913.242945,110788950.90538785,128182070.628158,238971021.53354585,15,15,7,July,2024
15:23:26,2024-07-15,CoinDCX,TONCOIN,coindcx,1283182637.7235563,14688242.338550672,16994197.539170314,31682439.877720986,15,15,7,July,2024
15:23:28,2024-07-15,CoinDCX,USDC,coindcx,9695137872.184486,110977603.9558488,128400340.93797486,239377944.89382365,15,15,7,July,2024
15:23:31,2024-07-15,CoinDCX,XRP,coindcx,18097642783.06308,207169896.5919161,239726703.28339112,446896599.8753072,15,15,7,July,2024
15:23:43,2024-07-15,CoinDCX,BTC,coindcx,151896.4223134145,1739.757442562025,2012.100883220035,3751.85832578206,15,15,7,July,2024
15:23:45,2024-07-15,CoinDCX,ETH,coindcx,2830386.1290896977,32418.04684015425,37492.801630602786,69910.84847075703,15,15,7,July,2024
15:23:48,2024-07-15,CoinDCX,BNB,coindcx,16689892.78384985,191158.9802052942,221083.2059094933,412242.18611478753,15,15,7,July,2024
15:23:51,2024-07-15,CoinDCX,ADA,coindcx,22159215778.50947,253802294.9115575,293532770.293989,547335065.2055465,15,15,7,July,2024
15:23:53,2024-07-15,CoinDCX,DOGE,coindcx,79460079270.65161,910102174.8388872,1052570516.449171,1962672691.2880583,15,15,7,July,2024
15:23:56,2024-07-15,CoinDCX,SOL,coindcx,61739379.01098163,707136.7613378414,817832.6858886248,1524969.4472264661,15,15,7,July,2024
15:23:59,2024-07-15,CoinDCX,USDT,coindcx,9674837948.766045,110811506.0947078,128158054.58245932,238969560.67716712,15,15,7,July,2024
15:24:01,2024-07-15,CoinDCX,TONCOIN,coindcx,1282698761.167215,14691489.650106609,16991310.729652833,31682800.379759442,15,15,7,July,2024
15:24:04,2024-07-15,CoinDCX,USDC,coindcx,9691495861.910728,111002298.793638,128378714.16904172,239381012.9626797,15,15,7,July,2024
15:24:06,2024-07-15,CoinDCX,XRP,coindcx,18092334891.41772,207221959.5516359,239660700.7597658,446882660.3114017,15,15,7,July,2024
15:24:17,2024-07-15,CoinDCX,BTC,coindcx,152092.1735806377,1738.882447115243,2012.0639401906078,3750.9463873058507,15,15,7,July,2024
15:24:20,2024-07-15,CoinDCX,ETH,coindcx,2838397.7702307156,32451.637348508335,37549.84669458166,70001.48404309,15,15,7,July,2024
15:24:22,2024-07-15,CoinDCX,BNB,coindcx,16716158.848517284,191117.2318769289,221142.08539315398,412259.3172700829,15,15,7,July,2024
15:24:25,2024-07-15,CoinDCX,ADA,coindcx,22206462645.97478,253888330.9937897,293774634.6656441,547662965.6594338,15,15,7,July,2024
15:24:28,2024-07-15,CoinDCX,DOGE,coindcx,79607616919.33742,910160493.1980081,1053148308.6668038,1963308801.864812,15,15,7,July,2024
15:24:30,2024-07-15,CoinDCX,SOL,coindcx,61847815.45920816,707111.2087001638,818199.6241842005,1525310.8328843643,15,15,7,July,2024
15:24:33,2024-07-15,CoinDCX,USDT,coindcx,9691322712.443117,110801697.13704449,128208838.78103405,239010535.91807854,15,15,7,July,2024
15:24:36,2024-07-15,CoinDCX,TONCOIN,coindcx,1284918418.91779,14690578.956362937,16998494.767520003,31689073.72388294,15,15,7,July,2024
15:24:38,2024-07-15,CoinDCX,USDC,coindcx,9708040172.41136,110992829.24473128,128429998.07925296,239422827.32398424,15,15,7,July,2024
15:24:41,2024-07-15,CoinDCX,XRP,coindcx,18116947042.472477,207148316.4051414,239690061.79606378,446838378.2012052,15,15,7,July,2024
15:24:52,2024-07-15,CoinDCX,BTC,coindcx,152029.2692378129,1727.0414056067887,2018.9515598007827,3745.9929654075713,15,15,7,July,2024
15:24:54,2024-07-15,CoinDCX,ETH,coindcx,2837860.372646046,32237.886766553132,37686.839215731205,69924.72598228433,15,15,7,July,2024
15:24:57,2024-07-15,CoinDCX,BNB,coindcx,16710598.302508252,189831.17741459352,221917.06029500545,411748.237709599,15,15,7,July,2024
15:24:59,2024-07-15,CoinDCX,ADA,coindcx,22201362514.470066,252205858.22456622,294834512.47914976,547040370.703716,15,15,7,July,2024
15:25:02,2024-07-15,CoinDCX,DOGE,coindcx,79581789877.12769,904043326.2565086,1056847668.9369141,1960890995.1934228,15,15,7,July,2024
15:25:04,2024-07-15,CoinDCX,SOL,coindcx,61828072.767151535,702362.3953010611,821077.9712257509,1523440.366526812,15,15,7,July,2024
15:25:07,2024-07-15,CoinDCX,USDT,coindcx,9688581216.07339,110061575.67967291,128664541.0881364,238726116.76780933,15,15,7,July,2024
15:25:10,2024-07-15,CoinDCX,TONCOIN,coindcx,1284508140.1731734,14591918.747224212,17058292.302403618,31650211.04962783,15,15,7,July,2024
15:25:12,2024-07-15,CoinDCX,USDC,coindcx,9704911508.31891,110247086.60802947,128881407.67682944,239128494.28485894,15,15,7,July,2024
15:25:15,2024-07-15,CoinDCX,XRP,coindcx,18111978723.528053,205750756.74455786,240527418.68899617,446278175.43355405,15,15,7,July,2024
15:25:25,2024-07-15,CoinDCX,BTC,coindcx,152017.1923613516,1726.8467580428296,2019.555337864891,3746.4020959077206,15,15,7,July,2024
15:25:28,2024-07-15,CoinDCX,ETH,coindcx,2837711.570090413,32235.123862984154,37699.12770836087,69934.25157134503,15,15,7,July,2024
15:25:30,2024-07-15,CoinDCX,BNB,coindcx,16710735.634440593,189826.4216474308,222002.88550233483,411829.3071497656,15,15,7,July,2024
15:25:33,2024-07-15,CoinDCX,ADA,coindcx,22235141453.828865,251483652.55488107,294631107.53938425,546114760.0942653,15,15,7,July,2024
15:25:35,2024-07-15,CoinDCX,DOGE,coindcx,79680450809.40178,901200959.2283171,1055821458.116646,1957022417.3449633,15,15,7,July,2024
15:25:38,2024-07-15,CoinDCX,SOL,coindcx,61890094.662803754,699988.6686166809,820086.8509914158,1520075.519608097,15,15,7,July,2024
15:25:40,2024-07-15,CoinDCX,USDT,coindcx,9703538010.869116,109748848.98959242,128578635.6308775,238327484.62046993,15,15,7,July,2024
15:25:43,2024-07-15,CoinDCX,TONCOIN,coindcx,1286333937.2924738,14548679.963531679,17044820.398240197,31593500.361771878,15,15,7,July,2024
15:25:46,2024-07-15,CoinDCX,USDC,coindcx,9719791125.93895,109932674.7930686,128794000.72328915,238726675.51635775,15,15,7,July,2024
15:25:48,2024-07-15,CoinDCX,XRP,coindcx,18129652047.488987,205069276.68403804,240251252.90957755,445320529.5936156,15,15,7,July,2024
15:25:59,2024-07-15,CoinDCX,BTC,coindcx,152160.37870924934,1722.5848725773099,2016.2214061802783,3738.806278757588,15,15,7,July,2024
15:26:02,2024-07-15,CoinDCX,ETH,coindcx,2839661.357580017,32147.381199389336,37627.31181417434,69774.69301356368,15,15,7,July,2024
15:26:04,2024-07-15,CoinDCX,BNB,coindcx,16729480.166609509,189391.9409608562,221676.20974865608,411068.1507095123,15,15,7,July,2024
15:26:07,2024-07-15,CoinDCX,ADA,coindcx,22229908071.932404,251661461.9937673,294560363.82305205,546221825.8168193,15,15,7,July,2024
15:26:09,2024-07-15,CoinDCX,DOGE,coindcx,79656589690.22064,901780329.1858586,1055500273.0614225,1957280602.247281,15,15,7,July,2024
15:26:12,2024-07-15,CoinDCX,SOL,coindcx,61867673.28770087,700394.669170672,819785.8620711216,1520180.5312417934,15,15,7,July,2024
15:26:14,2024-07-15,CoinDCX,USDT,coindcx,9700395367.318604,109816724.03491665,128536383.47845998,238353107.51337662,15,15,7,July,2024
15:26:17,2024-07-15,CoinDCX,TONCOIN,coindcx,1285765127.2716155,14555954.557379736,17037202.42362645,31593156.981006183,15,15,7,July,2024
15:26:19,2024-07-15,CoinDCX,USDC,coindcx,9716788176.346691,110002304.57230997,128753598.58235383,238755903.1546638,15,15,7,July,2024
15:26:22,2024-07-15,CoinDCX,XRP,coindcx,18117873602.694912,205109735.24129966,240073302.27551255,445183037.5168122,15,15,7,July,2024
15:26:33,2024-07-15,CoinDCX,BTC,coindcx,152314.9964761796,1722.1023930410204,2016.2077715016171,3738.3101645426373,15,15,7,July,2024
15:26:36,2024-07-15,CoinDCX,ETH,coindcx,2842907.4282872863,32142.453459684617,37631.829978533395,69774.28343821802,15,15,7,July,2024
15:26:38,2024-07-15,CoinDCX,BNB,coindcx,16746769.418689921,189342.16826208768,221678.54400855867,411020.71227064636,15,15,7,July,2024
15:26:41,2024-07-15,CoinDCX,ADA,coindcx,22246561410.90412,251523865.20682096,294479802.01258445,546003667.2194054,15,15,7,July,2024
15:26:43,2024-07-15,CoinDCX,DOGE,coindcx,79772692978.57852,901925277.5889398,1055958554.6927801,1957883832.28172,15,15,7,July,2024
15:26:46,2024-07-15,CoinDCX,SOL,coindcx,61956925.55071944,700496.8140024504,820129.5846351115,1520626.398637562,15,15,7,July,2024
15:26:49,2024-07-15,CoinDCX,USDT,coindcx,9710161613.373308,109784938.69984989,128534312.1843008,238319250.88415068,15,15,7,July,2024
15:26:52,2024-07-15,CoinDCX,TONCOIN,coindcx,1287596516.2172978,14557811.726673035,17044034.81348417,31601846.540157203,15,15,7,July,2024
15:26:54,2024-07-15,CoinDCX,USDC,coindcx,9726646873.046865,109971324.18906976,128752529.09949633,238723853.2885661,15,15,7,July,2024
15:26:57,2024-07-15,CoinDCX,XRP,coindcx,18130420288.50118,205025983.97695923,240040381.12754458,445066365.1045038,15,15,7,July,2024
15:27:08,2024-07-15,CoinDCX,BTC,coindcx,152258.64501839087,1714.1129227045699,2016.5095006346146,3730.6224233391845,15,15,7,July,2024
15:27:11,2024-07-15,CoinDCX,ETH,coindcx,2842436.8501587813,31999.87584442469,37645.15908181623,69645.03492624093,15,15,7,July,2024
15:27:13,2024-07-15,CoinDCX,BNB,coindcx,16739924.390057417,188456.4302974649,221703.11950680087,410159.5498042658,15,15,7,July,2024
15:27:16,2024-07-15,CoinDCX,ADA,coindcx,22230210455.941185,250265533.44388705,294416324.14433855,544681857.5882256,15,15,7,July,2024
15:27:18,2024-07-15,CoinDCX,DOGE,coindcx,79751871084.39226,897838758.6406908,1056231688.6219429,1954070447.2626338,15,15,7,July,2024
15:27:21,2024-07-15,CoinDCX,SOL,coindcx,61931170.76610746,697215.058728428,820214.8010721882,1517429.8598006163,15,15,7,July,2024
15:27:23,2024-07-15,CoinDCX,USDT,coindcx,9706730205.932663,109277418.57407346,128555680.22423916,237833098.79831263,15,15,7,July,2024
15:27:25,2024-07-15,CoinDCX,TONCOIN,coindcx,1287211769.9314542,14491304.114984207,17047798.915338773,31539103.03032298,15,15,7,July,2024
15:27:28,2024-07-15,CoinDCX,USDC,coindcx,9723444236.092705,109465583.48966393,128777040.40124288,238242623.89090684,15,15,7,July,2024
15:27:31,2024-07-15,CoinDCX,XRP,coindcx,18123811389.02009,204006172.97830737,240080685.70767888,444086858.6859862,15,15,7,July,2024
15:27:41,2024-07-15,CoinDCX,BTC,coindcx,152221.55120418247,1715.442968611012,2025.1322921291533,3740.5752607401655,15,15,7,July,2024
15:27:44,2024-07-15,CoinDCX,ETH,coindcx,2841674.7960926453,32023.921773714792,37805.2079207732,69829.12969448799,15,15,7,July,2024
15:27:46,2024-07-15,CoinDCX,BNB,coindcx,16736171.82474193,188606.33104250245,222655.47644725177,411261.8074897542,15,15,7,July,2024
15:27:49,2024-07-15,CoinDCX,ADA,coindcx,22222801909.885082,250437267.11215046,295648765.98144376,546086033.0935942,15,15,7,July,2024
15:27:52,2024-07-15,CoinDCX,DOGE,coindcx,79717918716.43655,898371761.7683682,1060555027.7006173,1958926789.4689856,15,15,7,July,2024
15:27:54,2024-07-15,CoinDCX,SOL,coindcx,61916767.024361886,697763.7646629724,823731.2215868913,1521494.9862498636,15,15,7,July,2024
15:27:57,2024-07-15,CoinDCX,USDT,coindcx,9704400769.22821,109362609.51529723,129105867.19199759,238468476.70729482,15,15,7,July,2024
15:27:59,2024-07-15,CoinDCX,TONCOIN,coindcx,1286698225.5358057,14500295.170156019,17118036.875492334,31618332.045648355,15,15,7,July,2024
15:28:02,2024-07-15,CoinDCX,USDC,coindcx,9721064175.125326,109550395.8192285,129327554.60164592,238877950.42087442,15,15,7,July,2024
15:28:04,2024-07-15,CoinDCX,XRP,coindcx,18120872358.151672,204211051.75963303,241077321.07406884,445288372.83370185,15,15,7,July,2024
15:28:15,2024-07-15,CoinDCX,BTC,coindcx,152393.4232376861,1704.8877784968818,2029.81181132635,3734.6995898232312,15,15,7,July,2024
15:28:18,2024-07-15,CoinDCX,ETH,coindcx,2843658.57842738,31813.175749829486,37876.25244738242,69689.4281972119,15,15,7,July,2024
15:28:20,2024-07-15,CoinDCX,BNB,coindcx,16751545.002745539,187406.40993133598,223123.0402345155,410529.45016585145,15,15,7,July,2024
15:28:23,2024-07-15,CoinDCX,ADA,coindcx,22235723076.730583,248760161.1286874,296169823.9702521,544929985.0989394,15,15,7,July,2024
15:28:26,2024-07-15,CoinDCX,DOGE,coindcx,79732699448.42018,892002436.5104,1062003672.1460984,1954006108.6564984,15,15,7,July,2024
15:28:28,2024-07-15,CoinDCX,SOL,coindcx,61969546.99966361,693278.7588473018,825406.4760148665,1518685.234862168,15,15,7,July,2024
15:28:31,2024-07-15,CoinDCX,USDT,coindcx,9712643103.97315,108659325.14055432,129368034.87177485,238027360.01232916,15,15,7,July,2024
15:28:34,2024-07-15,CoinDCX,TONCOIN,coindcx,1287366818.7194993,14402301.02485498,17147146.6329018,31549447.657756776,15,15,7,July,2024
15:33:08,2024-07-15,CoinDCX,BTC,coindcx,154559.04303886933,1698.0650467768369,1990.2098658676832,3688.27491264452,15,15,7,July,2024
15:33:10,2024-07-15,CoinDCX,ETH,coindcx,2892686.5199529566,31780.540136880598,37248.24596270963,69028.78609959023,15,15,7,July,2024
15:33:17,2024-07-15,CoinDCX,BNB,coindcx,16904218.772293888,185718.43145458886,217670.49222053145,403388.92367512034,15,15,7,July,2024
15:33:24,2024-07-15,CoinDCX,ADA,coindcx,22456075579.827694,244604214.7782324,288611625.5856398,533215840.3638722,15,15,7,July,2024
15:33:32,2024-07-15,CoinDCX,DOGE,coindcx,80894752785.24934,881151179.5271119,1039681489.3013651,1920832668.828477,15,15,7,July,2024
15:33:39,2024-07-15,CoinDCX,SOL,coindcx,62902216.180928625,685166.3436049377,808436.487505643,1493602.8311105806,15,15,7,July,2024
15:33:46,2024-07-15,CoinDCX,USDT,coindcx,9789326263.500277,106630851.65434709,125815098.73590703,232445950.3902541,15,15,7,July,2024
15:33:54,2024-07-15,CoinDCX,TONCOIN,coindcx,1299819898.9593577,14158369.952391952,16705640.870937113,30864010.82332906,15,15,7,July,2024
15:34:01,2024-07-15,CoinDCX,USDC,coindcx,9806498306.986769,106817899.21740946,126035798.5357294,232853697.75313884,15,15,7,July,2024
15:34:08,2024-07-15,CoinDCX,XRP,coindcx,18362011765.14273,200009367.33558437,235993597.6222409,436002964.95782524,15,15,7,July,2024
15:34:23,2024-07-15,CoinDCX,BTC,coindcx,154469.64818778107,1666.4099042348573,1974.3655507012866,3640.775454936144,15,15,7,July,2024
15:34:26,2024-07-15,CoinDCX,ETH,coindcx,2889540.4442113684,31172.200308681124,36932.88084319143,68105.08115187255,15,15,7,July,2024
15:34:33,2024-07-15,CoinDCX,BNB,coindcx,16910937.022205096,182434.24047575222,216148.42707566833,398582.66755142057,15,15,7,July,2024
15:34:40,2024-07-15,CoinDCX,ADA,coindcx,22448368366.638847,242171739.3607589,286925526.7459732,529097266.10673213,15,15,7,July,2024
15:34:47,2024-07-15,CoinDCX,DOGE,coindcx,80861200808.20758,872326100.7969309,1033533584.9926068,1905859685.7895377,15,15,7,July,2024
15:34:54,2024-07-15,CoinDCX,SOL,coindcx,62918703.93807983,678763.4505166867,804200.197304163,1482963.6478208497,15,15,7,July,2024
15:35:01,2024-07-15,CoinDCX,USDT,coindcx,9788194139.4494,105591468.3153777,125115463.82798739,230706932.1433651,15,15,7,July,2024
15:35:08,2024-07-15,CoinDCX,TONCOIN,coindcx,1299045594.7139816,14013630.073155481,16604767.927650247,30618398.00080573,15,15,7,July,2024
15:35:16,2024-07-15,CoinDCX,USDC,coindcx,9805365059.42923,105776701.93734773,125334947.38001166,231111649.3173594,15,15,7,July,2024
15:35:23,2024-07-15,CoinDCX,XRP,coindcx,18351788508.153427,197972400.95384935,234577747.2901557,432550148.2440051,15,15,7,July,2024
15:45:31,2024-07-15,CoinDCX,SOL,coindcx,63127240.281299226,675940.7340431599,802804.9015572632,1478745.635600423,15,15,7,July,2024
15:45:33,2024-07-15,CoinDCX,USDT,coindcx,9831258542.66476,105269105.48100609,125026573.49439175,230295678.97539783,15,15,7,July,2024
15:45:41,2024-07-15,CoinDCX,TONCOIN,coindcx,1303905826.1393733,13961691.613895806,16582096.472604072,30543788.086499877,15,15,7,July,2024
15:45:49,2024-07-15,CoinDCX,USDC,coindcx,9848227588.411732,105450803.09976952,125242373.09278563,230693176.19255513,15,15,7,July,2024
15:45:56,2024-07-15,CoinDCX,XRP,coindcx,18387760586.40059,196888638.4514336,233841749.79999673,430730388.25143033,15,15,7,July,2024
22:24:36,2024-07-15,CoinDCX,BTC,coindcx,166381.64192078568,1852.4953245636714,1880.1070918754906,3732.6024164391624,22,15,7,July,2024
22:24:41,2024-07-15,CoinDCX,ETH,coindcx,3101624.5890950467,34533.52775894496,35048.256039385196,69581.78379833016,22,15,7,July,2024
22:24:50,2024-07-15,CoinDCX,BNB,coindcx,18533108.23250726,206347.86358640392,209423.51463884627,415771.3782252502,22,15,7,July,2024
22:25:01,2024-07-15,CoinDCX,ADA,coindcx,24042336179.793842,267687677.86208522,271677609.59112215,539365287.4532074,22,15,7,July,2024
22:25:12,2024-07-15,CoinDCX,DOGE,coindcx,85838173589.87325,955927555.099438,969956220.959138,1925883776.0585759,22,15,7,July,2024
22:25:21,2024-07-15,CoinDCX,SOL,coindcx,68344708.83921885,761113.4730896117,772283.1548697121,1533396.6279593238,22,15,7,July,2024
22:25:31,2024-07-15,CoinDCX,USDT,coindcx,10747790412.48393,119691607.84822464,121448135.90702544,241139743.75525007,22,15,7,July,2024
22:25:41,2024-07-15,CoinDCX,TONCOIN,coindcx,1414063073.8599393,15747560.792821893,15978663.314440107,31726224.107262,22,15,7,July,2024
22:25:51,2024-07-15,CoinDCX,USDC,coindcx,10756808357.388763,119792035.21829063,121550037.09381562,241342072.31210625,22,15,7,July,2024
22:26:01,2024-07-15,CoinDCX,XRP,coindcx,19222843048.28941,214073116.75815275,217214735.815501,431287852.57365376,22,15,7,July,2024
22:26:20,2024-07-15,CoinDCX,BTC,coindcx,166426.72156721907,1848.5831905268058,1874.8058040703281,3723.3889945971337,22,15,7,July,2024
22:26:25,2024-07-15,CoinDCX,ETH,coindcx,3102626.0658524293,34462.388838853534,34951.24641850637,69413.6352573599,22,15,7,July,2024
22:26:35,2024-07-15,CoinDCX,BNB,coindcx,18540485.5720051,205938.26309779478,208859.54871518633,414797.8118129811,22,15,7,July,2024
22:26:44,2024-07-15,CoinDCX,ADA,coindcx,24046724615.26561,267098759.69678968,270887622.21018684,537986381.9069765,22,15,7,July,2024
22:26:53,2024-07-15,CoinDCX,DOGE,coindcx,85866536778.47964,953761721.811832,967291069.6777232,1921052791.4895551,22,15,7,July,2024
22:27:02,2024-07-15,CoinDCX,SOL,coindcx,68354346.89891525,759280.5265483937,770053.4337471913,1529333.960295585,22,15,7,July,2024
22:34:11,2024-07-15,CoinDCX,BTC,coindcx,163756.7502936772,1811.3595952645219,1861.9264573917164,3673.286052656238,22,15,7,July,2024
22:34:16,2024-07-15,CoinDCX,ETH,coindcx,3056040.2462497777,33803.72298321568,34747.40539942223,68551.12838263791,22,15,7,July,2024
22:34:25,2024-07-15,CoinDCX,BNB,coindcx,18241858.087757137,201778.33660874993,207411.28621976258,409189.62282851245,22,15,7,July,2024
22:34:34,2024-07-15,CoinDCX,ADA,coindcx,23560183233.748795,260605830.84426868,267881039.56168553,528486870.4059542,22,15,7,July,2024
22:34:46,2024-07-15,CoinDCX,DOGE,coindcx,84410645013.57356,933689948.7416574,959755325.8379549,1893445274.579612,22,15,7,July,2024
22:34:56,2024-07-15,CoinDCX,SOL,coindcx,67394545.70598668,745470.0756708031,766281.008317719,1511751.083988522,22,15,7,July,2024
22:35:05,2024-07-15,CoinDCX,USDT,coindcx,10579980324.76727,117028145.98243155,120295164.93237706,237323310.9148086,22,15,7,July,2024
22:35:14,2024-07-15,CoinDCX,TONCOIN,coindcx,1390789614.352388,15383916.134348882,15813381.585701372,31197297.720050253,22,15,7,July,2024
22:35:23,2024-07-15,CoinDCX,USDC,coindcx,10587095222.391148,117142590.91930082,120382786.85159026,237525377.77089107,22,15,7,July,2024
22:35:33,2024-07-15,CoinDCX,XRP,coindcx,18989172571.33075,210108705.71134853,215920369.66928086,426029075.3806294,22,15,7,July,2024
22:35:52,2024-07-15,CoinDCX,BTC,coindcx,163696.29233090102,1812.8002276915006,1860.6466511189003,3673.4468788104004,22,15,7,July,2024
22:35:56,2024-07-15,CoinDCX,ETH,coindcx,3054997.4113254356,33831.55430089277,34724.49266638985,68556.04696728261,22,15,7,July,2024
22:36:06,2024-07-15,CoinDCX,BNB,coindcx,18232865.107992735,201913.80970574557,207243.05309806523,409156.8628038108,22,15,7,July,2024
22:36:15,2024-07-15,CoinDCX,ADA,coindcx,23562587438.954422,260936049.71817848,267823105.73879015,528759155.4569686,22,15,7,July,2024
22:36:25,2024-07-15,CoinDCX,DOGE,coindcx,84369505028.69353,934322065.2613604,958982239.32201,1893304304.5833702,22,15,7,July,2024
22:36:34,2024-07-15,CoinDCX,SOL,coindcx,67378451.64958808,746160.287155245,765854.1841983865,1512014.4713536312,22,15,7,July,2024
22:36:43,2024-07-15,CoinDCX,USDT,coindcx,10574635562.104753,117105289.813088,120196126.40743272,237301416.2205207,22,15,7,July,2024
22:36:52,2024-07-15,CoinDCX,TONCOIN,coindcx,1390259074.2468896,15395962.428094562,15802318.14570445,31198280.57379901,22,15,7,July,2024
22:37:01,2024-07-15,CoinDCX,USDC,coindcx,10583608823.573946,117204661.21730775,120298120.58619224,237502781.80349997,22,15,7,July,2024
22:37:10,2024-07-15,CoinDCX,XRP,coindcx,18979336579.53858,210180360.1224655,215727787.9928542,425908148.11531967,22,15,7,July,2024
22:37:28,2024-07-15,CoinDCX,BTC,coindcx,163465.67314859893,1651.474998704359,1917.5488086515254,3569.0238073558844,22,15,7,July,2024
22:37:33,2024-07-15,CoinDCX,ETH,coindcx,3050746.9464571443,30821.34745725863,35787.06195617142,66608.40941343005,22,15,7,July,2024
22:37:42,2024-07-15,CoinDCX,BNB,coindcx,18208343.941635974,183956.8161817436,213594.61934898928,397551.4355307329,22,15,7,July,2024
22:37:51,2024-07-15,CoinDCX,ADA,coindcx,23537583112.733833,237797509.97182998,276109739.6597108,513907249.6315408,22,15,7,July,2024
22:38:00,2024-07-15,CoinDCX,DOGE,coindcx,84253474368.06596,851203214.6734049,988342973.0985173,1839546187.7719223,22,15,7,July,2024
22:38:12,2024-07-15,CoinDCX,SOL,coindcx,67292332.29843836,679846.7363502813,789378.7676936442,1469225.5040439253,22,15,7,July,2024
22:38:29,2024-07-15,CoinDCX,USDT,coindcx,10559809523.068872,106684547.78622074,123872797.14769463,230557344.93391538,22,15,7,July,2024
22:38:39,2024-07-15,CoinDCX,TONCOIN,coindcx,1388226458.289576,14042383.862720303,16279184.908837693,30321568.771557998,22,15,7,July,2024
22:38:48,2024-07-15,CoinDCX,USDC,coindcx,10567712328.426245,106896012.66453356,123923400.27131893,230819412.9358525,22,15,7,July,2024
22:38:57,2024-07-15,CoinDCX,XRP,coindcx,18951034679.495274,191696176.06415525,222231319.6230311,413927495.68718636,22,15,7,July,2024
22:39:16,2024-07-15,CoinDCX,BTC,coindcx,163434.7881299583,1655.4991922449424,1919.7010947773565,3575.200287022299,22,15,7,July,2024
22:39:20,2024-07-15,CoinDCX,ETH,coindcx,3050273.785308379,30897.49646010835,35828.442597979585,66725.93905808794,22,15,7,July,2024
22:39:29,2024-07-15,CoinDCX,BNB,coindcx,18197665.002918057,184331.74514301974,213749.33591687275,398081.0810598925,22,15,7,July,2024
22:39:38,2024-07-15,CoinDCX,ADA,coindcx,23533705404.30316,238382725.81461975,276426338.27067876,514809064.08529854,22,15,7,July,2024
22:39:47,2024-07-15,CoinDCX,DOGE,coindcx,84224514163.74265,853145262.1606201,989299119.8340228,1842444381.9946427,22,15,7,July,2024
22:39:56,2024-07-15,CoinDCX,SOL,coindcx,67250514.27937134,681464.3243095372,790238.8745349528,1471703.19884449,22,15,7,July,2024
22:40:07,2024-07-15,CoinDCX,USDT,coindcx,10552450801.356174,106930316.17992622,123998410.03754357,230928726.21746978,22,15,7,July,2024
22:40:16,2024-07-15,CoinDCX,TONCOIN,coindcx,1387852922.0836492,14063420.390509347,16308207.348591907,30371627.739101253,22,15,7,July,2024
22:40:25,2024-07-15,CoinDCX,USDC,coindcx,10560983239.182411,107016777.25818378,124098671.93348736,231115449.19167113,22,15,7,July,2024
22:40:34,2024-07-15,CoinDCX,XRP,coindcx,18914311281.96827,191662896.4947635,222255907.18867126,413918803.6834347,22,15,7,July,2024
12:45:49,2024-07-19,CoinDCX,BTC,coindcx,151070.97625308268,1731.080621708008,1806.2599795016135,3537.340601209622,12,19,7,July,2024
12:45:54,2024-07-19,CoinDCX,ETH,coindcx,2874155.400901464,32934.15347990385,34364.45572986621,67298.60920977006,12,19,7,July,2024
12:46:04,2024-07-19,CoinDCX,BNB,coindcx,16694798.535921233,191301.0887044079,199609.1321390486,390910.2208434565,12,19,7,July,2024
12:46:12,2024-07-19,CoinDCX,ADA,coindcx,22963539750.34373,263158671.9143668,274600829.0859529,537759501.0003197,12,19,7,July,2024
12:46:24,2024-07-19,CoinDCX,DOGE,coindcx,80391445180.7341,921273731.1860616,961330776.4416884,1882604507.62775,12,19,7,July,2024
12:46:34,2024-07-19,CoinDCX,SOL,coindcx,58921232.0880685,675228.3555771137,704587.3309626522,1379815.686539766,12,19,7,July,2024
12:46:44,2024-07-19,CoinDCX,USDT,coindcx,10025392170.079252,114889469.02705872,119884871.049742,234774340.07680073,12,19,7,July,2024
12:46:53,2024-07-19,CoinDCX,TONCOIN,coindcx,1376025795.9552271,15769046.27598046,16454685.49365555,32223731.76963601,12,19,7,July,2024
12:47:03,2024-07-19,CoinDCX,USDC,coindcx,10020456002.944832,114832901.30267632,119825843.75680913,234658745.05948547,12,19,7,July,2024
12:47:12,2024-07-19,CoinDCX,XRP,coindcx,17282461647.62846,198054381.164507,206665799.29228553,404720180.45679253,12,19,7,July,2024
12:47:30,2024-07-19,CoinDCX,BTC,coindcx,151099.134377874,1734.7544164202116,1807.1995012595753,3541.9539176797866,12,19,7,July,2024
12:47:34,2024-07-19,CoinDCX,ETH,coindcx,2873969.472266239,32995.76304787082,34373.69921607801,67369.46226394882,12,19,7,July,2024
12:47:43,2024-07-19,CoinDCX,BNB,coindcx,16683608.057413606,191542.87599717817,199541.8986661195,391084.77466329763,12,19,7,July,2024
12:47:53,2024-07-19,CoinDCX,ADA,coindcx,22951357283.88831,263502293.21296293,274506413.33883786,538008706.5518007,12,19,7,July,2024
12:48:02,2024-07-19,CoinDCX,DOGE,coindcx,80373781061.77135,922763536.9016124,961299067.9743378,1884062604.87595,12,19,7,July,2024
12:48:12,2024-07-19,CoinDCX,SOL,coindcx,58902313.85921367,676251.7172937762,704492.6674642388,1380744.384758015,12,19,7,July,2024
12:48:22,2024-07-19,CoinDCX,USDT,coindcx,10018467599.341143,115021048.83179793,119824443.22702728,234845492.0588252,12,19,7,July,2024
12:48:31,2024-07-19,CoinDCX,TONCOIN,coindcx,1375255827.079066,15789177.943049764,16448549.85460164,32237727.797651403,12,19,7,July,2024
12:48:40,2024-07-19,CoinDCX,USDC,coindcx,10012651448.397789,114954274.17040035,119754879.98877741,234709154.15917775,12,19,7,July,2024
12:48:49,2024-07-19,CoinDCX,XRP,coindcx,17293659345.026237,198546815.2969378,206838329.49780896,405385144.79474676,12,19,7,July,2024
12:55:56,2024-07-19,CoinDCX,BTC,coindcx,152039.65343076814,1689.5817770840856,1764.4571360664418,3454.038913150527,12,19,7,July,2024
12:56:00,2024-07-19,CoinDCX,ETH,coindcx,2888111.9759964556,32094.925598103346,33517.241527562146,65612.1671256655,12,19,7,July,2024
12:56:09,2024-07-19,CoinDCX,BNB,coindcx,16792304.47938922,186609.0260232195,194878.77537915204,381487.8014023715,12,19,7,July,2024
12:56:18,2024-07-19,CoinDCX,ADA,coindcx,23121105759.70336,256939542.25840887,268326052.65068048,525265594.9090893,12,19,7,July,2024
12:56:45,2024-07-19,CoinDCX,DOGE,coindcx,81062704945.13618,900831237.0220728,940752395.7190814,1841583632.741154,12,19,7,July,2024
12:56:49,2024-07-19,CoinDCX,SOL,coindcx,59391995.55464752,660613.4754106334,689110.6357870841,1349724.1111977175,12,19,7,July,2024
12:56:54,2024-07-19,CoinDCX,USDT,coindcx,10067805932.78685,111983579.6879142,116814262.30139236,228797841.98930654,12,19,7,July,2024
12:56:59,2024-07-19,CoinDCX,TONCOIN,coindcx,1382509036.2161024,15377562.088496909,16040910.429616248,31418472.518113155,12,19,7,July,2024
12:57:04,2024-07-19,CoinDCX,USDC,coindcx,10062929549.462727,111929339.97926153,116757682.83169368,228687022.8109552,12,19,7,July,2024
12:57:14,2024-07-19,CoinDCX,XRP,coindcx,17433321645.019463,193909753.19680983,202274519.49524572,396184272.6920555,12,19,7,July,2024
13:05:12,2024-07-19,CoinDCX,BTC,coindcx,152148.711180925,1671.5883596708695,1764.9221937058503,3436.51055337672,13,19,7,July,2024
13:05:17,2024-07-19,CoinDCX,ETH,coindcx,2893696.76204868,31791.72394109827,33566.82812200357,65358.55206310184,13,19,7,July,2024
13:05:27,2024-07-19,CoinDCX,BNB,coindcx,16873949.257929895,185371.1654347307,195775.40177564055,381146.5672103712,13,19,7,July,2024
13:05:37,2024-07-19,CoinDCX,ADA,coindcx,23155547705.731895,254378557.08104792,268655937.39380604,523034494.47485393,13,19,7,July,2024
13:05:49,2024-07-19,CoinDCX,DOGE,coindcx,81226546240.69096,892325756.7459425,942408886.1500942,1834734642.8960364,13,19,7,July,2024
13:05:59,2024-07-19,CoinDCX,SOL,coindcx,59589754.41426863,654631.7080188683,691373.9003145732,1346005.6083334414,13,19,7,July,2024
13:06:09,2024-07-19,CoinDCX,USDT,coindcx,10078739897.828499,110721428.1858752,116935835.3950403,227657263.58091548,13,19,7,July,2024
13:06:18,2024-07-19,CoinDCX,TONCOIN,coindcx,1385397028.8873618,15219475.767593332,16073691.80760925,31293167.57520258,13,19,7,July,2024
13:06:28,2024-07-19,CoinDCX,USDC,coindcx,10073882303.636566,110668064.39517018,116879476.48106872,227547540.87623888,13,19,7,July,2024
13:06:38,2024-07-19,CoinDCX,XRP,coindcx,17479948812.432613,192028459.58407184,202806346.6033829,394834806.1874547,13,19,7,July,2024
13:06:57,2024-07-19,CoinDCX,BTC,coindcx,152197.25881814043,1670.7309002666495,1767.3732323813294,3438.104132647979,13,19,7,July,2024
13:07:02,2024-07-19,CoinDCX,ETH,coindcx,2895126.028120274,31780.9699918871,33619.31933730977,65400.28932919687,13,19,7,July,2024
13:07:12,2024-07-19,CoinDCX,BNB,coindcx,16882983.871190477,185331.34605272798,196051.7160977363,381383.0621504643,13,19,7,July,2024
13:07:23,2024-07-19,CoinDCX,ADA,coindcx,23169179369.87003,254337457.89939713,269049441.182638,523386899.0820352,13,19,7,July,2024
13:07:32,2024-07-19,CoinDCX,DOGE,coindcx,81266149936.03984,892091414.1172525,943693856.3214482,1835785270.4387007,13,19,7,July,2024
13:07:43,2024-07-19,CoinDCX,SOL,coindcx,59617170.51603101,654441.806252341,692297.5629032028,1346739.3691555439,13,19,7,July,2024
13:07:52,2024-07-19,CoinDCX,USDT,coindcx,10083832543.50992,110694310.4914083,117097350.21253203,227791660.70394033,13,19,7,July,2024
13:08:02,2024-07-19,CoinDCX,TONCOIN,coindcx,1386125448.9860191,15216059.981961383,16096222.982489416,31312282.9644508,13,19,7,July,2024
13:08:11,2024-07-19,CoinDCX,USDC,coindcx,10079063697.29638,110641960.93669587,117041972.532194,227683933.46888986,13,19,7,July,2024
13:08:21,2024-07-19,CoinDCX,XRP,coindcx,17485877340.643585,191949551.6420143,203052747.44457638,395002299.0865907,13,19,7,July,2024
13:08:40,2024-07-19,CoinDCX,BTC,coindcx,152149.2611129388,1670.4669227476688,1766.4022359940834,3436.869158741752,13,19,7,July,2024
13:08:44,2024-07-19,CoinDCX,ETH,coindcx,2894272.2292017266,31776.598775066235,33601.53641129149,65378.13518635772,13,19,7,July,2024
13:08:54,2024-07-19,CoinDCX,BNB,coindcx,16878642.21515253,185312.8520970978,195955.41333098288,381268.2654280807,13,19,7,July,2024
13:09:03,2024-07-19,CoinDCX,ADA,coindcx,23161692789.76405,254295297.90108025,268899537.4277767,523194835.32885695,13,19,7,July,2024
13:09:12,2024-07-19,CoinDCX,DOGE,coindcx,81247400744.29227,892025991.515136,943255256.671244,1835281248.18638,13,19,7,July,2024
13:09:22,2024-07-19,CoinDCX,SOL,coindcx,59589371.48421043,654239.6149910162,691812.7519072135,1346052.3668982296,13,19,7,July,2024
13:09:32,2024-07-19,CoinDCX,USDT,coindcx,10080682468.996506,110653634.87478548,117027250.77669841,227680885.65148392,13,19,7,July,2024
13:09:41,2024-07-19,CoinDCX,TONCOIN,coindcx,1386045945.7911608,15214349.075764444,16090690.980992205,31305040.056756653,13,19,7,July,2024
13:09:51,2024-07-19,CoinDCX,USDC,coindcx,10075444407.069263,110596137.71685682,116966441.7998629,227562579.51671976,13,19,7,July,2024
13:10:01,2024-07-19,CoinDCX,XRP,coindcx,17483748481.233673,191915609.54678124,202969890.6123498,394885500.1591311,13,19,7,July,2024
13:10:19,2024-07-19,CoinDCX,BTC,coindcx,152229.29403828733,1667.3534836022443,1766.5368805720254,3433.8903641742695,13,19,7,July,2024
13:10:24,2024-07-19,CoinDCX,ETH,coindcx,2895403.693667299,31713.0908710433,33599.56072397809,65312.65159502139,13,19,7,July,2024
13:10:34,2024-07-19,CoinDCX,BNB,coindcx,16891877.249347284,185015.1809099039,196020.90603903343,381036.0869489373,13,19,7,July,2024
13:10:43,2024-07-19,CoinDCX,ADA,coindcx,23169073112.701874,253768730.98145244,268864297.1172385,522633028.098691,13,19,7,July,2024
13:10:53,2024-07-19,CoinDCX,DOGE,coindcx,81297298134.72537,890441843.7248479,943410244.0869956,1833852087.8118434,13,19,7,July,2024
13:11:02,2024-07-19,CoinDCX,SOL,coindcx,59582358.66112724,652600.1050092403,691420.3647287404,1344020.4697379807,13,19,7,July,2024
13:11:12,2024-07-19,CoinDCX,USDT,coindcx,10087919558.392881,110492056.89514095,117064734.88383114,227556791.7789721,13,19,7,July,2024
13:11:21,2024-07-19,CoinDCX,TONCOIN,coindcx,1387270554.6420643,15194647.039481776,16098508.592508132,31293155.631989907,13,19,7,July,2024
13:11:32,2024-07-19,CoinDCX,USDC,coindcx,10082627647.530518,110434095.08124028,117003325.18101327,227437420.26225355,13,19,7,July,2024
13:11:42,2024-07-19,CoinDCX,XRP,coindcx,17496321422.475117,191635602.45277914,203035146.83166707,394670749.28444624,13,19,7,July,2024
13:12:01,2024-07-19,CoinDCX,BTC,coindcx,152182.54465162446,1663.894125699368,1765.361939271351,3429.256064970719,13,19,7,July,2024
13:12:06,2024-07-19,CoinDCX,ETH,coindcx,2894720.069675112,31649.541217111404,33579.59776232988,65229.13897944129,13,19,7,July,2024
13:12:16,2024-07-19,CoinDCX,BNB,coindcx,16888641.695580732,184652.66021570785,195913.1733775431,380565.83359325095,13,19,7,July,2024
13:12:25,2024-07-19,CoinDCX,ADA,coindcx,23157685347.605366,253252118.3127474,268804262.3468046,522056380.659552,13,19,7,July,2024
13:12:35,2024-07-19,CoinDCX,DOGE,coindcx,81264336519.57211,888705630.8928441,943280803.1267637,1831986434.0196075,13,19,7,July,2024
13:12:45,2024-07-19,CoinDCX,SOL,coindcx,59540236.21370676,651131.1782514487,691116.9676564813,1342248.1459079299,13,19,7,July,2024
13:12:56,2024-07-19,CoinDCX,USDT,coindcx,10085099583.772652,110290505.92267142,117063416.03740625,227353921.96007767,13,19,7,July,2024
13:13:07,2024-07-19,CoinDCX,TONCOIN,coindcx,1386564857.507045,15163453.603880271,16094637.185176378,31258090.789056648,13,19,7,July,2024
13:15:32,2024-07-19,CoinDCX,USDT,coindcx,10085099583.772652,110290505.92267142,117063416.03740625,227353921.96007767,13,19,7,July,2024
13:15:36,2024-07-19,CoinDCX,TONCOIN,coindcx,1386564857.507045,15163453.603880271,16094637.185176378,31258090.789056648,13,19,7,July,2024
13:15:45,2024-07-19,CoinDCX,USDC,coindcx,10079770002.722271,110232221.69994068,117001552.59633426,227233774.29627493,13,19,7,July,2024
13:15:55,2024-07-19,CoinDCX,XRP,coindcx,17490066563.483757,191271119.72316527,203017027.4111577,394288147.13432294,13,19,7,July,2024
13:16:15,2024-07-19,CoinDCX,BTC,coindcx,152103.27439841302,1657.8863466132657,1769.9427640877893,3427.829110701055,13,19,7,July,2024
13:16:19,2024-07-19,CoinDCX,ETH,coindcx,2892470.287264969,31527.177940169153,33658.097601986774,65185.27554215593,13,19,7,July,2024
13:16:28,2024-07-19,CoinDCX,BNB,coindcx,16885982.340866975,184052.8396433269,196492.95767589024,380545.7973192172,13,19,7,July,2024
13:16:38,2024-07-19,CoinDCX,ADA,coindcx,23154085401.44951,252373541.64271155,269431450.94970983,521804992.59242135,13,19,7,July,2024
13:16:48,2024-07-19,CoinDCX,DOGE,coindcx,81257470028.25696,885685404.5581901,945548816.5749465,1831234221.1331367,13,19,7,July,2024
13:16:58,2024-07-19,CoinDCX,SOL,coindcx,59524829.58406382,648805.2452665045,692657.9445614602,1341463.1898279646,13,19,7,July,2024
13:17:07,2024-07-19,CoinDCX,USDT,coindcx,10083792666.488577,109910731.70496331,117339590.05947073,227250321.76443404,13,19,7,July,2024
13:17:17,2024-07-19,CoinDCX,TONCOIN,coindcx,1386272153.7064734,15111356.246374184,16132731.71496748,31244087.961341664,13,19,7,July,2024
13:17:26,2024-07-19,CoinDCX,USDC,coindcx,10078330400.60859,109860997.09574531,117286493.8916214,227147490.9873667,13,19,7,July,2024
13:17:35,2024-07-19,CoinDCX,XRP,coindcx,17478784001.298466,190531225.1211624,203409216.7565244,393940441.87768686,13,19,7,July,2024
13:17:53,2024-07-19,CoinDCX,BTC,coindcx,152062.5873598789,1657.886346604612,1769.9427640778772,3427.829110682489,13,19,7,July,2024
13:17:58,2024-07-19,CoinDCX,ETH,coindcx,2891395.2791284225,31525.342350214258,33658.83841086986,65184.18076108412,13,19,7,July,2024
13:18:07,2024-07-19,CoinDCX,BNB,coindcx,16882454.79639807,184072.08831332775,196529.27500873143,380601.3633220592,13,19,7,July,2024
13:18:17,2024-07-19,CoinDCX,ADA,coindcx,23148089220.794804,252387296.44008955,269467754.9719154,521855051.41200495,13,19,7,July,2024
13:18:26,2024-07-19,CoinDCX,DOGE,coindcx,81242749386.41144,885802611.067182,945749823.0668459,1831552434.1340277,13,19,7,July,2024
13:18:35,2024-07-19,CoinDCX,SOL,coindcx,59503205.46091548,648772.9078868646,692678.9954991788,1341451.9033860434,13,19,7,July,2024
13:18:44,2024-07-19,CoinDCX,USDT,coindcx,10079955177.769697,109903353.63271181,117341127.64396334,227244481.27667513,13,19,7,July,2024
13:18:54,2024-07-19,CoinDCX,TONCOIN,coindcx,1386025306.3186443,15112054.240099324,16134771.38719627,31246825.627295595,13,19,7,July,2024
13:19:03,2024-07-19,CoinDCX,USDC,coindcx,10075394985.914623,109853633.1360189,117288042.28345229,227141675.4194712,13,19,7,July,2024
13:19:14,2024-07-19,CoinDCX,XRP,coindcx,17474800175.828392,190530524.14564243,203424789.27950266,393955313.4251451,13,19,7,July,2024
13:23:54,2024-07-19,CoinDCX,BTC,coindcx,152547.9263156593,1710.9415731809365,1702.3462912997506,3413.2878644806874,13,19,7,July,2024
13:23:58,2024-07-19,CoinDCX,ETH,coindcx,2901707.33700608,32543.655125654244,32383.848935805305,64927.50406145954,13,19,7,July,2024
13:24:08,2024-07-19,CoinDCX,BNB,coindcx,16987167.281249505,190516.97823295102,189581.44126651663,380098.4194994676,13,19,7,July,2024
13:24:18,2024-07-19,CoinDCX,ADA,coindcx,23225633660.275745,260483544.3862052,259204435.36830354,519687979.7545087,13,19,7,July,2024
13:24:27,2024-07-19,CoinDCX,DOGE,coindcx,81355425876.22418,912429344.1144576,907948843.8010693,1820378187.9155269,13,19,7,July,2024
13:24:36,2024-07-19,CoinDCX,SOL,coindcx,59675828.04784573,669285.1282964747,665998.5919236349,1335283.7202201094,13,19,7,July,2024
13:24:45,2024-07-19,CoinDCX,USDT,coindcx,10131664585.84162,113630135.58446379,113072152.80872276,226702288.39318654,13,19,7,July,2024
13:24:55,2024-07-19,CoinDCX,TONCOIN,coindcx,1392125061.88834,15613165.851735683,15536497.126707358,31149662.978443038,13,19,7,July,2024
13:25:05,2024-07-19,CoinDCX,USDC,coindcx,10126499931.502792,113572212.1931202,113014513.85120928,226586726.04432946,13,19,7,July,2024
13:25:14,2024-07-19,CoinDCX,XRP,coindcx,17495888095.119755,196222458.76529074,195258904.93653372,391481363.7018244,13,19,7,July,2024
13:25:32,2024-07-19,CoinDCX,BTC,coindcx,152536.8431905644,1710.7536502532294,1702.3529644187233,3413.1066146719522,13,19,7,July,2024
13:25:36,2024-07-19,CoinDCX,ETH,coindcx,2901707.33700608,32543.655125654244,32383.848935805305,64927.50406145954,13,19,7,July,2024
13:25:46,2024-07-19,CoinDCX,BNB,coindcx,16987167.281249505,190516.97823295102,189581.44126651663,380098.4194994676,13,19,7,July,2024
13:25:55,2024-07-19,CoinDCX,ADA,coindcx,23225633660.275745,260483544.3862052,259204435.36830354,519687979.7545087,13,19,7,July,2024
13:26:05,2024-07-19,CoinDCX,DOGE,coindcx,81355425876.22418,912429344.1144576,907948843.8010693,1820378187.9155269,13,19,7,July,2024
13:26:14,2024-07-19,CoinDCX,SOL,coindcx,59675828.04784573,669285.1282964747,665998.5919236349,1335283.7202201094,13,19,7,July,2024
13:26:24,2024-07-19,CoinDCX,USDT,coindcx,10131664585.84162,113630135.58446379,113072152.80872276,226702288.39318654,13,19,7,July,2024
13:26:33,2024-07-19,CoinDCX,TONCOIN,coindcx,1392125061.88834,15613165.851735683,15536497.126707358,31149662.978443038,13,19,7,July,2024
13:26:42,2024-07-19,CoinDCX,USDC,coindcx,10126499931.502792,113572212.1931202,113014513.85120928,226586726.04432946,13,19,7,July,2024
13:26:52,2024-07-19,CoinDCX,XRP,coindcx,17493495216.231716,196465155.39021453,194976426.02997363,391441581.4201881,13,19,7,July,2024
13:27:12,2024-07-19,CoinDCX,BTC,coindcx,152527.12572448968,1712.994749550096,1700.0144041421352,3413.009153692231,13,19,7,July,2024
13:27:16,2024-07-19,CoinDCX,ETH,coindcx,2900893.2611126415,32579.22092013405,32332.349445030766,64911.570365164815,13,19,7,July,2024
13:27:22,2024-07-19,CoinDCX,BNB,coindcx,16983393.83088886,190736.33180765458,189291.01303515918,380027.34484281373,13,19,7,July,2024
13:27:31,2024-07-19,CoinDCX,ADA,coindcx,23221476106.70154,260794704.27728626,258818512.9649805,519613217.2422667,13,19,7,July,2024
13:27:41,2024-07-19,CoinDCX,DOGE,coindcx,81311098541.45839,913277140.1519464,906235235.5721191,1819512375.7240655,13,19,7,July,2024
13:27:51,2024-07-19,CoinDCX,SOL,coindcx,59665637.12052659,670157.7449109813,664990.4340415663,1335148.1789525477,13,19,7,July,2024
13:28:00,2024-07-19,CoinDCX,USDT,coindcx,10131455848.410868,113795375.8931767,112917946.5309001,226713322.4240768,13,19,7,July,2024
13:28:10,2024-07-19,CoinDCX,TONCOIN,coindcx,1392078163.0289168,15635665.811977617,15515105.620717717,31150771.432695337,13,19,7,July,2024
13:28:19,2024-07-19,CoinDCX,USDC,coindcx,10126211224.535397,113736468.86596787,112859493.71156141,226595962.57752928,13,19,7,July,2024
13:28:29,2024-07-19,CoinDCX,XRP,coindcx,17493369142.39221,196483560.40646002,194968556.44648263,391452116.85294265,13,19,7,July,2024
13:28:49,2024-07-19,CoinDCX,BTC,coindcx,152526.1526453585,1713.1566414061856,1699.9471948223452,3413.103836228531,13,19,7,July,2024
13:28:54,2024-07-19,CoinDCX,ETH,coindcx,2900465.8064330546,32577.70666395646,32326.513360553487,64904.220024509945,13,19,7,July,2024
13:28:59,2024-07-19,CoinDCX,BNB,coindcx,16983351.512218412,190755.09958047938,189284.26542696307,380039.3650074424,13,19,7,July,2024
13:29:08,2024-07-19,CoinDCX,ADA,coindcx,23216887074.437202,260769471.9529784,258758785.75697958,519528257.70995796,13,19,7,July,2024
13:29:17,2024-07-19,CoinDCX,DOGE,coindcx,81311098541.45839,913277140.1519464,906235235.5721191,1819512375.7240655,13,19,7,July,2024
13:29:27,2024-07-19,CoinDCX,SOL,coindcx,59665637.12052659,670157.7449109813,664990.4340415663,1335148.1789525477,13,19,7,July,2024
13:29:36,2024-07-19,CoinDCX,USDT,coindcx,10131455848.410868,113795375.8931767,112917946.5309001,226713322.4240768,13,19,7,July,2024
13:29:46,2024-07-19,CoinDCX,TONCOIN,coindcx,1392078163.0289168,15635665.811977617,15515105.620717717,31150771.432695337,13,19,7,July,2024
13:34:50,2024-07-19,CoinDCX,BTC,coindcx,153865.3467032823,1876.133541229782,1646.270557156058,3522.40409838584,13,19,7,July,2024
13:34:54,2024-07-19,CoinDCX,ETH,coindcx,2919401.142797164,35597.270741336295,31235.910157099683,66833.18089843598,13,19,7,July,2024
13:35:04,2024-07-19,CoinDCX,BNB,coindcx,17159912.75978086,209236.76827171515,183601.17950581497,392837.9477775301,13,19,7,July,2024
13:35:13,2024-07-19,CoinDCX,ADA,coindcx,23426157890.278206,285643268.62273324,250646391.98080972,536289660.6035429,13,19,7,July,2024
20:08:21,2024-07-19,CoinDCX,USDT,coindcx,11332012102.954094,103805366.18229036,131873069.28573464,235678435.46802503,20,19,7,July,2024
20:08:25,2024-07-19,CoinDCX,TONCOIN,coindcx,1552113973.7401855,14217930.402558312,18062285.121019125,32280215.52357744,20,19,7,July,2024
20:08:34,2024-07-19,CoinDCX,USDC,coindcx,11333999525.56726,103823571.6986845,131896197.3513937,235719769.0500782,20,19,7,July,2024
20:08:44,2024-07-19,CoinDCX,XRP,coindcx,19760578928.297813,181014114.08581823,229958119.56980947,410972233.6556277,20,19,7,July,2024
20:20:42,2024-07-19,CoinDCX,BTC,coindcx,169740.72809449353,1629.959362646517,1993.2652792255494,3623.2246418720665,20,19,7,July,2024
20:20:46,2024-07-19,CoinDCX,ETH,coindcx,3236773.826208677,31081.578723174884,38009.433309936925,69091.0120331118,20,19,7,July,2024
20:20:56,2024-07-19,CoinDCX,BNB,coindcx,19086378.964612935,183299.5995050444,224281.98052357984,407581.5800286243,20,19,7,July,2024
20:21:05,2024-07-19,CoinDCX,ADA,coindcx,25846903200.13391,248225554.66462082,303724171.61344194,551949726.2780628,20,19,7,July,2024
20:21:14,2024-07-19,CoinDCX,DOGE,coindcx,89988611460.47856,864222410.720392,1057446466.9460338,1921668877.666426,20,19,7,July,2024
20:21:24,2024-07-19,CoinDCX,SOL,coindcx,66943422.568664886,642903.6418633256,786644.93797195,1429548.579835276,20,19,7,July,2024
20:21:33,2024-07-19,CoinDCX,USDT,coindcx,11327883545.382032,108789441.98677227,133112737.69682679,241902179.68359905,20,19,7,July,2024
20:21:42,2024-07-19,CoinDCX,TONCOIN,coindcx,1549499049.8413281,14880903.066839121,18207996.20305904,33088899.269898165,20,19,7,July,2024
20:21:52,2024-07-19,CoinDCX,USDC,coindcx,11329203444.401258,108802117.8831306,133128247.68783514,241930365.57096574,20,19,7,July,2024
20:22:01,2024-07-19,CoinDCX,XRP,coindcx,19736350613.852413,189541723.44149774,231919727.26673555,421461450.70823336,20,19,7,July,2024
20:22:19,2024-07-19,CoinDCX,BTC,coindcx,169722.62365511575,1631.4257923434777,1996.1976257215738,3627.6234180650513,20,19,7,July,2024
20:22:24,2024-07-19,CoinDCX,ETH,coindcx,3237398.315822525,31118.863229775478,38076.75542826876,69195.61865804424,20,19,7,July,2024
20:22:33,2024-07-19,CoinDCX,BNB,coindcx,19076572.040699165,183369.84773424454,224369.6626557682,407739.51039001276,20,19,7,July,2024
20:22:42,2024-07-19,CoinDCX,ADA,coindcx,25839037287.028496,248372732.94244477,303906596.3775701,552279329.3200148,20,19,7,July,2024
20:22:51,2024-07-19,CoinDCX,DOGE,coindcx,89970017827.53189,864819341.4668194,1058185008.6079164,1923004350.0747359,20,19,7,July,2024
20:23:01,2024-07-19,CoinDCX,SOL,coindcx,66918414.910524584,643240.2806217255,787062.9034870798,1430303.1841088051,20,19,7,July,2024
20:23:11,2024-07-19,CoinDCX,USDT,coindcx,11321885748.504396,108829430.22145161,133162691.9448353,241992122.16628692,20,19,7,July,2024
20:23:20,2024-07-19,CoinDCX,TONCOIN,coindcx,1548840468.134426,14887928.512550343,18216732.681401957,33104661.1939523,20,19,7,July,2024
20:23:29,2024-07-19,CoinDCX,USDC,coindcx,11323307217.919863,108843093.8204314,133179410.59913774,242022504.41956913,20,19,7,July,2024
20:23:39,2024-07-19,CoinDCX,XRP,coindcx,19718892303.446804,189544026.6446573,231924331.3018008,421468357.9464581,20,19,7,July,2024
20:23:57,2024-07-19,CoinDCX,BTC,coindcx,169711.24298356165,1631.319306238342,1997.6911697070823,3629.0104759454243,20,19,7,July,2024
20:24:02,2024-07-19,CoinDCX,ETH,coindcx,3237111.571754793,31116.162433402464,38104.424247706076,69220.58668110854,20,19,7,July,2024
20:24:07,2024-07-19,CoinDCX,BNB,coindcx,19073087.7500653,183336.6825277056,224511.5780634779,407848.2605911835,20,19,7,July,2024
20:24:16,2024-07-19,CoinDCX,ADA,coindcx,25834710987.17521,248331589.9615967,304103447.1476555,552435037.1092521,20,19,7,July,2024
20:24:26,2024-07-19,CoinDCX,DOGE,coindcx,89973148778.69113,864850979.0241197,1059084605.510446,1923935584.5345657,20,19,7,July,2024
20:24:35,2024-07-19,CoinDCX,SOL,coindcx,66903170.07324241,643094.8891205696,787525.1499611791,1430620.0390817486,20,19,7,July,2024
20:24:45,2024-07-19,CoinDCX,USDT,coindcx,11319427158.125479,108805991.48282295,133242319.615325,242048311.09814793,20,19,7,July,2024
20:24:54,2024-07-19,CoinDCX,TONCOIN,coindcx,1548448509.4221702,14884187.421696283,18226971.057647515,33111158.479343798,20,19,7,July,2024
20:25:04,2024-07-19,CoinDCX,USDC,coindcx,11321493862.995308,108825857.31784472,133266647.04346862,242092504.36131334,20,19,7,July,2024
20:25:13,2024-07-19,CoinDCX,XRP,coindcx,19714969703.727913,189506659.2771967,232067246.67024395,421573905.9474406,20,19,7,July,2024
20:25:31,2024-07-19,CoinDCX,BTC,coindcx,169686.97496859182,1631.07858609667,1998.552303999822,3629.630890096492,20,19,7,July,2024
20:25:35,2024-07-19,CoinDCX,ETH,coindcx,3234540.054859031,31091.302207072968,38096.01461876938,69187.31682584235,20,19,7,July,2024
20:25:45,2024-07-19,CoinDCX,BNB,coindcx,19067539.784282397,183282.516748536,224575.1365096782,407857.65325821424,20,19,7,July,2024
20:25:54,2024-07-19,CoinDCX,ADA,coindcx,25829163700.731335,248277133.92171812,304212710.6929683,552489844.6146864,20,19,7,July,2024
20:26:03,2024-07-19,CoinDCX,DOGE,coindcx,89971463938.49962,864830834.6413639,1059672827.462495,1924503662.103859,20,19,7,July,2024
20:26:13,2024-07-19,CoinDCX,SOL,coindcx,66880284.95957936,642871.9744093767,787707.7637978547,1430579.7382072313,20,19,7,July,2024
20:26:22,2024-07-19,CoinDCX,USDT,coindcx,11316177948.241596,108774262.32185836,133280550.93867,242054813.26052836,20,19,7,July,2024
20:26:31,2024-07-19,CoinDCX,TONCOIN,coindcx,1548024855.4801042,14880047.175019449,18232446.197720256,33112493.372739706,20,19,7,July,2024
20:26:40,2024-07-19,CoinDCX,USDC,coindcx,11317059291.488464,108840376.77041636,132402774.14346361,241243150.91388,20,19,7,July,2024
20:26:50,2024-07-19,CoinDCX,XRP,coindcx,19718084687.023506,189636168.83590162,230689708.88234058,420325877.7182422,20,19,7,July,2024
21:11:02,2024-07-19,CoinDCX,BTC,coindcx,169144.52650027745,1643.3531858887295,1953.8818645980036,3597.235050486733,21,19,7,July,2024
21:11:06,2024-07-19,CoinDCX,ETH,coindcx,3224581.6006809147,31328.98566852808,37248.92339614966,68577.90906467773,21,19,7,July,2024
21:11:15,2024-07-19,CoinDCX,BNB,coindcx,19090986.36557657,185507.55091669888,220548.38960929544,406055.94052599435,21,19,7,July,2024
21:11:24,2024-07-19,CoinDCX,ADA,coindcx,25797976665.99729,250679528.98151723,298030814.1188098,548710343.1003271,21,19,7,July,2024
21:11:33,2024-07-19,CoinDCX,DOGE,coindcx,89976756512.21277,874306199.8150785,1039455393.8196632,1913761593.6347418,21,19,7,July,2024
21:11:43,2024-07-19,CoinDCX,SOL,coindcx,66241151.73931958,643666.7856627787,765250.1061084223,1408916.8917712008,21,19,7,July,2024
21:11:53,2024-07-19,CoinDCX,USDT,coindcx,11260933803.853151,109422751.18663174,130091801.87855019,239514553.06518194,21,19,7,July,2024
21:12:02,2024-07-19,CoinDCX,TONCOIN,coindcx,1544094920.0068471,15004005.634296382,17838137.930130936,32842143.564427324,21,19,7,July,2024
21:12:11,2024-07-19,CoinDCX,USDC,coindcx,11262082568.190184,109433913.75595437,130105072.96469112,239538986.72064552,21,19,7,July,2024
21:12:21,2024-07-19,CoinDCX,XRP,coindcx,19521624734.44706,189692073.79101053,225523334.16897598,415215407.9599865,21,19,7,July,2024
21:45:00,2024-07-19,CoinDCX,BTC,coindcx,166416.34351272188,1612.9783606498443,1843.5466206097872,3456.524981259631,21,19,7,July,2024
21:45:04,2024-07-19,CoinDCX,ETH,coindcx,3174495.8322138693,30768.571014436788,35166.80477461845,65935.37578905524,21,19,7,July,2024
21:45:14,2024-07-19,CoinDCX,BNB,coindcx,18796189.9286483,182180.7100049435,208222.65224599352,390403.36225093703,21,19,7,July,2024
21:45:23,2024-07-19,CoinDCX,ADA,coindcx,25387080145.009876,246062436.23453885,281235994.1372281,527298430.3717669,21,19,7,July,2024
21:45:32,2024-07-19,CoinDCX,DOGE,coindcx,88481932733.13007,857631932.371538,980204948.3900182,1837836880.7615561,21,19,7,July,2024
21:45:41,2024-07-19,CoinDCX,SOL,coindcx,65210432.02884203,632067.4413878189,722402.7119085368,1354470.1532963559,21,19,7,July,2024
21:45:50,2024-07-19,CoinDCX,USDT,coindcx,11065125003.46619,107251325.16349395,122579717.10071613,229831042.26421008,21,19,7,July,2024
21:46:00,2024-07-19,CoinDCX,TONCOIN,coindcx,1517065809.586606,14703152.081674613,16809330.251100738,31512482.332775354,21,19,7,July,2024
21:46:09,2024-07-19,CoinDCX,USDC,coindcx,11066097211.08812,107250792.42907777,122614115.64120147,229864908.07027924,21,19,7,July,2024
21:46:18,2024-07-19,CoinDCX,XRP,coindcx,19138868814.64887,185490765.84204516,212061707.873827,397552473.71587217,21,19,7,July,2024
21:46:43,2024-07-19,CoinDCX,BTC,coindcx,166451.473163107,1612.136016335641,1843.8365996065113,3455.972615942152,21,19,7,July,2024
21:46:47,2024-07-19,CoinDCX,ETH,coindcx,3174980.2261149413,30750.70395236286,35170.27895692559,65920.98290928845,21,19,7,July,2024
21:46:57,2024-07-19,CoinDCX,BNB,coindcx,18799364.908977292,182077.89140021917,208246.6223327695,390324.5137329887,21,19,7,July,2024
21:47:06,2024-07-19,CoinDCX,ADA,coindcx,25398143023.819294,245989178.3392048,281343413.6654935,527332592.0046983,21,19,7,July,2024
21:47:17,2024-07-19,CoinDCX,DOGE,coindcx,88512982826.49625,857276687.4106596,980486830.0319103,1837763517.4425697,21,19,7,July,2024
21:47:26,2024-07-19,CoinDCX,SOL,coindcx,65221353.33706801,631689.7697012693,722477.9455145648,1354167.715215834,21,19,7,July,2024
21:47:36,2024-07-19,CoinDCX,USDT,coindcx,11068163398.628603,107198719.90638499,122605612.17634149,229804332.08272648,21,19,7,July,2024
21:47:52,2024-07-19,CoinDCX,TONCOIN,coindcx,1517675742.5485766,14699177.35894088,16811783.20184607,31510960.56078695,21,19,7,July,2024
21:48:07,2024-07-19,CoinDCX,USDC,coindcx,11068958389.038887,107113946.14308117,122669767.83840796,229783713.98148915,21,19,7,July,2024
21:48:21,2024-07-19,CoinDCX,XRP,coindcx,19151416825.376724,185327630.5048267,212242179.72234434,397569810.22717106,21,19,7,July,2024
21:48:58,2024-07-19,CoinDCX,BTC,coindcx,166418.24588103552,1611.5606812942376,1846.8898328783275,3458.4505141725654,21,19,7,July,2024
21:49:09,2024-07-19,CoinDCX,ETH,coindcx,3174055.2340348163,30736.90981626672,35225.28620403619,65962.19602030292,21,19,7,July,2024
21:49:19,2024-07-19,CoinDCX,BNB,coindcx,18791008.995340493,181968.33585413967,208540.37536141588,390508.7112155556,21,19,7,July,2024
21:49:29,2024-07-19,CoinDCX,ADA,coindcx,25390814779.399292,245879522.09131834,281784232.34968865,527663754.441007,21,19,7,July,2024
21:53:10,2024-07-19,CoinDCX,BTC,coindcx,166168.04048826746,1615.6038391727757,1850.2327315795449,3465.8365707523208,21,19,7,July,2024
21:53:14,2024-07-19,CoinDCX,ETH,coindcx,3166306.3009204143,30813.75853843531,35279.161817043474,66092.92035547878,21,19,7,July,2024
21:53:24,2024-07-19,CoinDCX,BNB,coindcx,18746786.10843645,182439.3743426321,208877.73885829624,391317.1132009284,21,19,7,July,2024
21:53:33,2024-07-19,CoinDCX,ADA,coindcx,25327392835.75337,246480312.72973707,282199226.9025364,528679539.6322735,21,19,7,July,2024
21:53:43,2024-07-19,CoinDCX,DOGE,coindcx,88449899662.29486,860773908.7499262,985513726.8243059,1846287635.574232,21,19,7,July,2024
21:53:52,2024-07-19,CoinDCX,SOL,coindcx,64959533.26202779,632171.1112167898,723782.7511648246,1355953.8623816145,21,19,7,July,2024
21:54:01,2024-07-19,CoinDCX,USDT,coindcx,11028142175.349802,107323321.82138589,122876176.64545926,230199498.46684515,21,19,7,July,2024
21:54:11,2024-07-19,CoinDCX,TONCOIN,coindcx,1512505759.342986,14719355.244576186,16852423.727154955,31571778.97173114,21,19,7,July,2024
21:54:21,2024-07-19,CoinDCX,USDC,coindcx,11030150676.560747,107342868.089326,122898555.47823676,230241423.56756276,21,19,7,July,2024
21:54:31,2024-07-19,CoinDCX,XRP,coindcx,19088451818.82224,185764385.79134452,212684597.30421838,398448983.09556293,21,19,7,July,2024
21:54:50,2024-07-19,CoinDCX,BTC,coindcx,166258.54314482535,1618.0290825868938,1852.381905283561,3470.410987870455,21,19,7,July,2024
21:54:53,2024-07-19,CoinDCX,ETH,coindcx,3167716.65125991,30828.236373204527,35293.35031372146,66121.58668692598,21,19,7,July,2024
21:54:59,2024-07-19,CoinDCX,BNB,coindcx,18755056.788036462,182524.31877847973,208960.85800812978,391485.1767866095,21,19,7,July,2024
23:02:25,2024-07-19,CoinDCX,BTC,coindcx,165448.77318021012,1755.0991269360743,1892.001994324391,3647.101121260465,23,19,7,July,2024
23:02:30,2024-07-19,CoinDCX,ETH,coindcx,3153333.4025859255,33450.9141133898,36060.183292890775,69511.09740628058,23,19,7,July,2024
23:02:34,2024-07-19,CoinDCX,BNB,coindcx,18686150.39146772,198224.77741880305,213686.8900707646,411911.6674895676,23,19,7,July,2024
23:02:38,2024-07-19,CoinDCX,ADA,coindcx,25317862775.10966,268574725.56827253,289524340.0225369,558099065.5908093,23,19,7,July,2024
23:02:43,2024-07-19,CoinDCX,DOGE,coindcx,88259884046.89919,936270740.8260226,1009302598.174519,1945573339.0005414,23,19,7,July,2024
23:02:47,2024-07-19,CoinDCX,SOL,coindcx,64421399.138283476,683389.4214522099,736695.7959491177,1420085.2174013276,23,19,7,July,2024
23:02:51,2024-07-19,CoinDCX,USDT,coindcx,11018834034.169167,116889026.26167692,126006712.33185787,242895738.59353477,23,19,7,July,2024
23:02:56,2024-07-19,CoinDCX,TONCOIN,coindcx,1503690570.863842,15951318.087022305,17195567.57197804,33146885.65900034,23,19,7,July,2024
23:03:00,2024-07-19,CoinDCX,USDC,coindcx,11022078738.421682,116923446.44800583,126043817.39343522,242967263.84144104,23,19,7,July,2024
23:03:05,2024-07-19,CoinDCX,XRP,coindcx,19136763482.872482,203004931.59044522,218839910.25470915,421844841.84515435,23,19,7,July,2024
23:03:18,2024-07-19,CoinDCX,BTC,coindcx,165482.42583214794,1754.890108159012,1892.0771141228984,3646.9672222819104,23,19,7,July,2024
23:03:22,2024-07-19,CoinDCX,ETH,coindcx,3153968.123968488,33446.859594717695,36061.53871642486,69508.39831114255,23,19,7,July,2024
23:03:26,2024-07-19,CoinDCX,BNB,coindcx,18672517.969523475,198016.2963792638,213496.0479067408,411512.3442860046,23,19,7,July,2024
23:03:32,2024-07-19,CoinDCX,ADA,coindcx,25316988435.0871,268478857.19402725,289466958.0510623,557945815.2450895,23,19,7,July,2024
23:03:36,2024-07-19,CoinDCX,DOGE,coindcx,88267984313.07315,936054760.8557879,1009230026.6248577,1945284787.4806454,23,19,7,July,2024
23:03:41,2024-07-19,CoinDCX,SOL,coindcx,64438164.99038153,683346.8736084403,736766.9203619489,1420113.7939703893,23,19,7,July,2024
23:03:44,2024-07-19,CoinDCX,USDT,coindcx,11021048488.977535,116874821.46572581,126011408.85367742,242886230.31940323,23,19,7,July,2024
23:03:49,2024-07-19,CoinDCX,TONCOIN,coindcx,1503635159.9045222,15947768.61069388,17194154.572667345,33141923.183361225,23,19,7,July,2024
23:03:53,2024-07-19,CoinDCX,USDC,coindcx,11023198043.635494,116913608.0596273,126050903.90372892,242964511.9633562,23,19,7,July,2024
23:03:57,2024-07-19,CoinDCX,XRP,coindcx,19131093591.05503,202907102.73032418,218765156.01673818,421672258.7470623,23,19,7,July,2024
23:04:42,2024-07-19,CoinDCX,BTC,coindcx,165342.35381668824,1752.5198338049393,1883.8026483985384,3636.3224822034776,23,19,7,July,2024
23:04:46,2024-07-19,CoinDCX,ETH,coindcx,3151831.4417539528,33407.33325115098,35909.9062050646,69317.23945621558,23,19,7,July,2024
23:04:51,2024-07-19,CoinDCX,BNB,coindcx,18656938.253028337,197751.23295242526,212564.95314581305,410316.18609823834,23,19,7,July,2024
23:04:56,2024-07-19,CoinDCX,ADA,coindcx,25293070448.84834,268089854.75419286,288172703.4713487,556262558.2255416,23,19,7,July,2024
23:05:00,2024-07-19,CoinDCX,DOGE,coindcx,88227256629.65349,935150695.2482978,1005203662.9655364,1940354358.2138343,23,19,7,July,2024
23:05:04,2024-07-19,CoinDCX,SOL,coindcx,64393102.34654162,683089.6897282028,734426.9753961831,1417516.6651243859,23,19,7,July,2024
23:05:09,2024-07-19,CoinDCX,USDT,coindcx,11011274133.85901,116808905.88452764,125587624.49224702,242396530.37677464,23,19,7,July,2024
23:05:13,2024-07-19,CoinDCX,TONCOIN,coindcx,1502157024.1168385,15935060.404526714,17132652.405145567,33067712.80967228,23,19,7,July,2024
23:05:17,2024-07-19,CoinDCX,USDC,coindcx,11014587646.182163,116844056.01741847,125625416.3169107,242469472.33432916,23,19,7,July,2024
23:05:22,2024-07-19,CoinDCX,XRP,coindcx,19110032681.378197,202721499.96387827,217956939.33762732,420678439.3015056,23,19,7,July,2024
23:05:36,2024-07-19,CoinDCX,BTC,coindcx,165292.05595886664,1753.5082396333937,1885.562510007171,3639.070749640565,23,19,7,July,2024
23:05:40,2024-07-19,CoinDCX,ETH,coindcx,3150733.0509288586,33424.69384653238,35941.86112217263,69366.55496870501,23,19,7,July,2024
23:05:44,2024-07-19,CoinDCX,BNB,coindcx,18650914.50109257,197859.06869294663,212759.56038299127,410618.62907593785,23,19,7,July,2024
23:05:48,2024-07-19,CoinDCX,ADA,coindcx,25283803984.1261,268224376.29110083,288423981.5778078,556648357.8689085,23,19,7,July,2024
23:05:52,2024-07-19,CoinDCX,DOGE,coindcx,88200598919.89548,935680036.4630022,1006144800.6002178,1941824837.06322,23,19,7,July,2024
23:05:56,2024-07-19,CoinDCX,SOL,coindcx,64376888.415212736,682945.1277811375,734376.7769265784,1417321.9047077158,23,19,7,July,2024
23:06:00,2024-07-19,CoinDCX,USDT,coindcx,11008652505.007301,116785787.21045671,125580762.66111578,242366549.8715725,23,19,7,July,2024
23:06:05,2024-07-19,CoinDCX,TONCOIN,coindcx,1501729863.1248407,15931169.06567028,17130923.28388155,33062092.349551827,23,19,7,July,2024
23:06:09,2024-07-19,CoinDCX,USDC,coindcx,11012109376.898968,116822459.59201935,125620196.78880578,242442656.3808251,23,19,7,July,2024
23:06:13,2024-07-19,CoinDCX,XRP,coindcx,19089721527.808693,202514172.85080907,217765233.9702902,420279406.8210992,23,19,7,July,2024
23:06:26,2024-07-19,CoinDCX,BTC,coindcx,165206.7258211817,1755.1560269660738,1886.8118944945566,3641.9679214606304,23,19,7,July,2024
23:06:30,2024-07-19,CoinDCX,ETH,coindcx,3149106.7816414875,33456.106099096454,35965.679382000184,69421.78548109664,23,19,7,July,2024
23:06:34,2024-07-19,CoinDCX,BNB,coindcx,18639550.762738045,198026.56156124378,212880.71603837848,410907.27759962226,23,19,7,July,2024
23:06:38,2024-07-19,CoinDCX,ADA,coindcx,25270461176.239677,268473344.6366899,288611777.09133345,557085121.7280234,23,19,7,July,2024
23:06:43,2024-07-19,CoinDCX,DOGE,coindcx,88156928890.6815,936579090.7857875,1006832749.612681,1943411840.3984685,23,19,7,July,2024
23:06:47,2024-07-19,CoinDCX,SOL,coindcx,64343561.24964979,683585.9058548332,734862.313241321,1418448.2190961542,23,19,7,July,2024
23:06:51,2024-07-19,CoinDCX,USDT,coindcx,11003094730.028702,116896863.21604012,125665404.41785525,242562267.63389537,23,19,7,July,2024
23:06:55,2024-07-19,CoinDCX,TONCOIN,coindcx,1500803483.262084,15969397.103834175,17111985.880297128,33081382.9841313,23,19,7,July,2024
23:07:00,2024-07-19,CoinDCX,USDC,coindcx,11005496378.954683,117104700.22253084,125483383.22949275,242588083.45202357,23,19,7,July,2024
23:07:04,2024-07-19,CoinDCX,XRP,coindcx,19077340706.24791,202993684.9300421,217517608.69409174,420511293.6241338,23,19,7,July,2024
23:07:17,2024-07-19,CoinDCX,BTC,coindcx,165142.8421783878,1757.625393108149,1883.8749693747038,3641.500362482853,23,19,7,July,2024
23:07:20,2024-07-19,CoinDCX,ETH,coindcx,3147946.22585978,33503.7846613627,35910.34901427238,69414.13367563508,23,19,7,July,2024
23:07:24,2024-07-19,CoinDCX,BNB,coindcx,18633537.798332036,198317.88508527307,212562.9847841453,410880.8698694184,23,19,7,July,2024
23:07:28,2024-07-19,CoinDCX,ADA,coindcx,25256968053.730827,268811459.33170944,288120086.1695412,556931545.5012506,23,19,7,July,2024
23:07:33,2024-07-19,CoinDCX,DOGE,coindcx,88127859990.01804,937950216.4036664,1005322830.5252012,1943273046.9288676,23,19,7,July,2024
23:07:37,2024-07-19,CoinDCX,SOL,coindcx,64321776.90872522,684580.6147776722,733753.7849394558,1418334.3997171281,23,19,7,July,2024
23:07:41,2024-07-19,CoinDCX,USDT,coindcx,10999593711.957731,117069350.18791725,125478397.93664652,242547748.12456375,23,19,7,July,2024
23:07:45,2024-07-19,CoinDCX,TONCOIN,coindcx,1500629448.4000406,15971291.21288044,17118503.102263875,33089794.315144315,23,19,7,July,2024
23:07:49,2024-07-19,CoinDCX,USDC,coindcx,11002715629.834936,117102576.95126826,125514011.36601305,242616588.3172813,23,19,7,July,2024
23:07:53,2024-07-19,CoinDCX,XRP,coindcx,19081874733.597775,203089562.5718464,217677410.08440104,420766972.65624744,23,19,7,July,2024
23:08:06,2024-07-19,CoinDCX,BTC,coindcx,165104.30093435166,1759.0042141023116,1888.0427627305085,3647.04697683282,23,19,7,July,2024
23:08:10,2024-07-19,CoinDCX,ETH,coindcx,3147828.3962040455,33587.104509552686,35970.460229658165,69557.56473921085,23,19,7,July,2024
23:08:14,2024-07-19,CoinDCX,BNB,coindcx,18633125.060929704,198814.11563467074,212922.05279254145,411736.1684272122,23,19,7,July,2024
23:08:18,2024-07-19,CoinDCX,ADA,coindcx,25249395601.059437,269409250.4783578,288526649.4787481,557935899.9571059,23,19,7,July,2024
23:08:22,2024-07-19,CoinDCX,DOGE,coindcx,88119513198.42744,940228921.8483307,1006947980.0052637,1947176901.8535945,23,19,7,July,2024
23:08:26,2024-07-19,CoinDCX,SOL,coindcx,64300200.216032326,686078.5509290668,734762.9868956564,1420841.5378247234,23,19,7,July,2024
23:08:31,2024-07-19,CoinDCX,USDT,coindcx,10999219419.463015,117360886.82931453,125688867.01771525,243049753.8470298,23,19,7,July,2024
23:08:35,2024-07-19,CoinDCX,TONCOIN,coindcx,1500592982.1102352,16011220.108826661,17147383.335442,33158603.444268662,23,19,7,July,2024
23:08:39,2024-07-19,CoinDCX,USDC,coindcx,11002386749.59798,117394682.01598598,125725060.3257086,243119742.3416946,23,19,7,July,2024
23:08:43,2024-07-19,CoinDCX,XRP,coindcx,19074416714.47605,203522666.10861903,217964724.08069387,421487390.18931293,23,19,7,July,2024
23:08:56,2024-07-19,CoinDCX,BTC,coindcx,165076.6587741267,1760.872212511068,1887.467099745701,3648.339312256769,23,19,7,July,2024
23:09:00,2024-07-19,CoinDCX,ETH,coindcx,3145585.7303326405,33553.953331421755,35966.257249949726,69520.21058137149,23,19,7,July,2024
23:09:04,2024-07-19,CoinDCX,BNB,coindcx,18630816.944162328,198734.86716401688,213022.5695421134,411757.4367061303,23,19,7,July,2024
23:09:09,2024-07-19,CoinDCX,ADA,coindcx,25245610066.217007,269294845.09568214,288655336.05325156,557950181.1489338,23,19,7,July,2024
23:09:13,2024-07-19,CoinDCX,DOGE,coindcx,88105309069.96278,939819061.4475477,1007385740.7667961,1947204802.2143438,23,19,7,July,2024
23:09:17,2024-07-19,CoinDCX,SOL,coindcx,64286008.31553029,685738.6534032215,735038.6576188677,1420777.3110220893,23,19,7,July,2024
23:09:21,2024-07-19,CoinDCX,USDT,coindcx,10998212172.374702,117317895.48838992,125752264.34516114,243070159.83355105,23,19,7,July,2024
23:09:25,2024-07-19,CoinDCX,TONCOIN,coindcx,1500551532.1300151,16006378.587926634,17157129.72022135,33163508.30814798,23,19,7,July,2024
23:09:29,2024-07-19,CoinDCX,USDC,coindcx,11001129901.665844,117349018.89778382,125785625.31868635,243134644.21647015,23,19,7,July,2024
23:09:34,2024-07-19,CoinDCX,XRP,coindcx,19063707951.290394,203352514.20847726,217972194.40002862,421324708.60850585,23,19,7,July,2024
23:09:48,2024-07-19,CoinDCX,BTC,coindcx,165018.8309562904,1760.822832538107,1887.243608535086,3648.0664410731924,23,19,7,July,2024
23:09:52,2024-07-19,CoinDCX,ETH,coindcx,3144363.9735412197,33551.73374054602,35960.62811489362,69512.36185543964,23,19,7,July,2024
23:09:56,2024-07-19,CoinDCX,BNB,coindcx,18625201.605487242,198739.0169807599,213007.7669556616,411746.7839364215,23,19,7,July,2024
23:10:00,2024-07-19,CoinDCX,ADA,coindcx,25230616811.18751,269221675.50639325,288550828.05018765,557772503.5565809,23,19,7,July,2024
23:10:04,2024-07-19,CoinDCX,DOGE,coindcx,88053858199.01707,939573036.067444,1007031016.5811725,1946604052.6486163,23,19,7,July,2024
23:10:08,2024-07-19,CoinDCX,SOL,coindcx,64262858.66977631,685712.7042663622,734944.4217239245,1420657.1259902867,23,19,7,July,2024
23:10:13,2024-07-19,CoinDCX,USDT,coindcx,10996110762.44321,117333293.3424829,125757403.7757038,243090697.11818668,23,19,7,July,2024
23:10:17,2024-07-19,CoinDCX,TONCOIN,coindcx,1500050652.755689,16006194.105420206,17155381.54334588,33161575.64876608,23,19,7,July,2024
23:10:22,2024-07-19,CoinDCX,USDC,coindcx,10998923301.153614,117363304.35607435,125789569.47263794,243152873.82871225,23,19,7,July,2024
23:10:26,2024-07-19,CoinDCX,XRP,coindcx,19056314765.986412,203339182.25896186,217938207.6332042,421277389.892166,23,19,7,July,2024
23:10:40,2024-07-19,CoinDCX,BTC,coindcx,165108.32616082314,1760.6027234175524,1887.1530236845947,3647.755747102147,23,19,7,July,2024
23:10:44,2024-07-19,CoinDCX,ETH,coindcx,3146253.9295637184,33549.508772546826,35961.01271520581,69510.52148775263,23,19,7,July,2024
23:10:48,2024-07-19,CoinDCX,BNB,coindcx,18631487.217788026,198673.48848903974,212953.93307144078,411627.4215604805,23,19,7,July,2024
23:10:52,2024-07-19,CoinDCX,ADA,coindcx,25236143132.59328,269101040.27413625,288443744.3355958,557544784.609732,23,19,7,July,2024
23:10:56,2024-07-19,CoinDCX,DOGE,coindcx,88067568346.76727,939092559.9055016,1006593560.4741582,1945686120.3796597,23,19,7,July,2024
23:11:00,2024-07-19,CoinDCX,SOL,coindcx,64274387.926270686,685378.2910909273,734642.5727942443,1420020.8638851715,23,19,7,July,2024
23:11:04,2024-07-19,CoinDCX,USDT,coindcx,11003731143.001032,117349863.41891187,125764237.32645983,243114100.7453717,23,19,7,July,2024
23:11:08,2024-07-19,CoinDCX,TONCOIN,coindcx,1500794883.032922,16005305.132862668,17152938.525596544,33158243.658459216,23,19,7,July,2024
23:11:12,2024-07-19,CoinDCX,USDC,coindcx,11007261015.540155,117387507.9283032,125804581.0718652,243192089.00016838,23,19,7,July,2024
23:11:16,2024-07-19,CoinDCX,XRP,coindcx,19066033097.573116,203330702.18311936,217910187.02619517,421240889.2093145,23,19,7,July,2024
23:11:29,2024-07-19,CoinDCX,BTC,coindcx,164971.97312547523,1760.764922446475,1885.1969154133162,3645.961837859791,23,19,7,July,2024
23:11:33,2024-07-19,CoinDCX,ETH,coindcx,3145634.591795014,33573.72130024915,35946.352081022946,69520.07338127209,23,19,7,July,2024
23:11:37,2024-07-19,CoinDCX,BNB,coindcx,18629447.37214064,198834.24339284064,212885.71662474063,411719.96001758124,23,19,7,July,2024
23:11:41,2024-07-19,CoinDCX,ADA,coindcx,25226866419.02148,269249258.8427238,288276910.6635553,557526169.5062791,23,19,7,July,2024
23:11:45,2024-07-19,CoinDCX,DOGE,coindcx,88015268091.20622,939397121.5755987,1005783641.7378432,1945180763.3134418,23,19,7,July,2024
23:11:49,2024-07-19,CoinDCX,SOL,coindcx,64249370.92475357,685740.9562987711,734201.7773677673,1419942.7336665383,23,19,7,July,2024
23:11:54,2024-07-19,CoinDCX,USDT,coindcx,11002268724.438215,117428484.79230087,125727071.50737473,243155556.29967558,23,19,7,July,2024
23:11:58,2024-07-19,CoinDCX,TONCOIN,coindcx,1500438438.8295486,16016892.448876554,17142590.7462641,33159483.195140656,23,19,7,July,2024
23:12:02,2024-07-19,CoinDCX,USDC,coindcx,11004835619.296137,117474508.76380523,125730845.3112314,243205354.07503664,23,19,7,July,2024
23:12:07,2024-07-19,CoinDCX,XRP,coindcx,19059363098.39421,203455044.19974798,217754259.70497718,421209303.9047252,23,19,7,July,2024
23:12:19,2024-07-19,CoinDCX,BTC,coindcx,165033.68031790233,1761.7913366340335,1885.1365226390894,3646.927859273123,23,19,7,July,2024
23:12:23,2024-07-19,CoinDCX,ETH,coindcx,3146702.590223463,33592.13314361379,35943.95984678161,69536.09299039541,23,19,7,July,2024
23:12:28,2024-07-19,CoinDCX,BNB,coindcx,18636036.183816575,198946.10018149618,212874.56220853163,411820.66239002784,23,19,7,July,2024
23:12:32,2024-07-19,CoinDCX,ADA,coindcx,25233892285.227516,269380484.8321478,288240145.0636678,557620629.8958155,23,19,7,July,2024
23:12:36,2024-07-19,CoinDCX,DOGE,coindcx,88040670749.49132,939864460.9943744,1005665531.9556932,1945529992.9500678,23,19,7,July,2024
23:12:41,2024-07-19,CoinDCX,SOL,coindcx,64261443.51900292,686013.0262701012,734041.6449650027,1420054.6712351039,23,19,7,July,2024
23:12:45,2024-07-19,CoinDCX,USDT,coindcx,11006535892.880507,117498558.74919197,125724777.87224331,243223336.62143528,23,19,7,July,2024
23:12:49,2024-07-19,CoinDCX,TONCOIN,coindcx,1501164754.6478956,16025450.408089358,17147411.970902506,33172862.378991865,23,19,7,July,2024
23:12:53,2024-07-19,CoinDCX,USDC,coindcx,11010001597.898716,117535556.34304462,125764365.71330664,243299922.05635124,23,19,7,July,2024
23:12:57,2024-07-19,CoinDCX,XRP,coindcx,19065803534.401764,203534014.56097704,217783682.1364479,421317696.69742495,23,19,7,July,2024
23:13:10,2024-07-19,CoinDCX,BTC,coindcx,165027.25735538997,1762.739897249501,1886.7718349231463,3649.5117321726475,23,19,7,July,2024
23:13:14,2024-07-19,CoinDCX,ETH,coindcx,3145725.9667610396,33601.09569949375,35965.37474830222,69566.47044779597,23,19,7,July,2024
23:13:18,2024-07-19,CoinDCX,BNB,coindcx,18624447.11282652,198937.17265925536,212935.01944240532,411872.1921016607,23,19,7,July,2024
23:13:22,2024-07-19,CoinDCX,ADA,coindcx,25224860689.345764,269439540.184045,288398155.86357254,557837696.0476176,23,19,7,July,2024
23:13:27,2024-07-19,CoinDCX,DOGE,coindcx,88021303163.56221,940200215.2902967,1006355667.2010378,1946555882.4913344,23,19,7,July,2024
23:13:32,2024-07-19,CoinDCX,SOL,coindcx,64243756.57495317,686220.1716167358,734504.7867713436,1420724.9583880794,23,19,7,July,2024
23:13:36,2024-07-19,CoinDCX,USDT,coindcx,11002498585.318407,117523271.83142453,125792579.82731369,243315851.65873826,23,19,7,July,2024
23:13:40,2024-07-19,CoinDCX,TONCOIN,coindcx,1500699486.5227315,16029732.912416114,17157635.46719477,33187368.379610885,23,19,7,July,2024
23:13:45,2024-07-19,CoinDCX,USDC,coindcx,11005920963.139683,117559827.98599987,125831708.18819861,243391536.17419848,23,19,7,July,2024
23:13:50,2024-07-19,CoinDCX,XRP,coindcx,19046688572.533844,203447348.00378102,217762544.94624957,421209892.9500306,23,19,7,July,2024
23:14:02,2024-07-19,CoinDCX,BTC,coindcx,165069.7344938196,1762.82822533771,1884.7519998202968,3647.580225158006,23,19,7,July,2024
23:14:06,2024-07-19,CoinDCX,ETH,coindcx,3146773.5894716177,33605.32031676298,35929.58959996622,69534.9099167292,23,19,7,July,2024
23:14:11,2024-07-19,CoinDCX,BNB,coindcx,18630852.058916386,198964.3466275683,212725.46287225946,411689.80949982774,23,19,7,July,2024
23:14:15,2024-07-19,CoinDCX,ADA,coindcx,25232175360.474586,269461818.9610082,288098803.31061816,557560622.2716262,23,19,7,July,2024
23:14:20,2024-07-19,CoinDCX,DOGE,coindcx,88054728088.55292,939979776.3649821,1004357264.2683685,1944337040.6333504,23,19,7,July,2024
23:14:23,2024-07-19,CoinDCX,SOL,coindcx,64278403.633565545,686168.7133008321,733163.1478098723,1419331.8611107043,23,19,7,July,2024
23:14:28,2024-07-19,CoinDCX,USDT,coindcx,11005241922.485167,117480401.85572886,125526418.73770855,243006820.5934374,23,19,7,July,2024
23:14:32,2024-07-19,CoinDCX,TONCOIN,coindcx,1501081860.0890775,16023973.065172523,17121425.54032746,33145398.60549998,23,19,7,July,2024
23:14:36,2024-07-19,CoinDCX,USDC,coindcx,11008517311.921467,117515366.47258335,125563778.01693259,243079144.48951593,23,19,7,July,2024
23:14:41,2024-07-19,CoinDCX,XRP,coindcx,19045749824.13639,203312417.73174536,217236911.68601897,420549329.4177643,23,19,7,July,2024
23:14:53,2024-07-19,CoinDCX,BTC,coindcx,165007.2876760193,1761.3340300161622,1883.5826397276371,3644.916669743799,23,19,7,July,2024
23:14:57,2024-07-19,CoinDCX,ETH,coindcx,3145836.05252692,33579.53560843019,35910.18469198301,69489.7203004132,23,19,7,July,2024
23:15:02,2024-07-19,CoinDCX,BNB,coindcx,18629238.3708616,198853.7109967297,212655.51649815103,411509.22749488073,23,19,7,July,2024
23:15:06,2024-07-19,CoinDCX,ADA,coindcx,25219639128.362755,269201495.5650234,287885917.7156429,557087413.2806664,23,19,7,July,2024
23:15:11,2024-07-19,CoinDCX,DOGE,coindcx,88013341662.03925,939479073.6101427,1004685336.9563466,1944164410.5664895,23,19,7,July,2024
23:15:15,2024-07-19,CoinDCX,SOL,coindcx,64260601.4696731,685935.6683692161,733544.2879613094,1419479.9563305255,23,19,7,July,2024
23:15:19,2024-07-19,CoinDCX,USDT,coindcx,11002383383.083374,117442523.52028355,125593836.65946712,243036360.17975065,23,19,7,July,2024
23:15:23,2024-07-19,CoinDCX,TONCOIN,coindcx,1500711213.3057818,16019012.047590088,17130840.876418933,33149852.924009018,23,19,7,July,2024
23:15:29,2024-07-19,CoinDCX,USDC,coindcx,11005264745.792625,117484884.1318615,125672974.49473724,243157858.62659872,23,19,7,July,2024
23:15:33,2024-07-19,CoinDCX,XRP,coindcx,19033435791.83747,203188296.71863547,217349472.8265651,420537769.5452005,23,19,7,July,2024
23:15:46,2024-07-19,CoinDCX,BTC,coindcx,165059.47766220756,1758.0270974308992,1882.9908375601156,3641.017934991015,23,19,7,July,2024
23:15:50,2024-07-19,CoinDCX,ETH,coindcx,3147220.6745197307,33520.63938263187,35903.34695005094,69423.9863326828,23,19,7,July,2024
23:15:54,2024-07-19,CoinDCX,BNB,coindcx,18636930.29423875,198499.52837760816,212609.2332372208,411108.76161482895,23,19,7,July,2024
23:15:59,2024-07-19,CoinDCX,ADA,coindcx,25225486284.218933,268673384.05301523,287771173.2699745,556444557.3229898,23,19,7,July,2024
23:16:03,2024-07-19,CoinDCX,DOGE,coindcx,88030013496.33475,937596261.0912728,1004242296.1201726,1941838557.2114456,23,19,7,July,2024
23:16:07,2024-07-19,CoinDCX,SOL,coindcx,64266258.453872114,684491.5869879394,733146.4848117529,1417638.0717996925,23,19,7,July,2024
23:16:11,2024-07-19,CoinDCX,USDT,coindcx,11006910966.78279,117233181.71534483,125566327.93124005,242799509.6465849,23,19,7,July,2024
23:16:15,2024-07-19,CoinDCX,TONCOIN,coindcx,1501296393.2105658,15990113.248393942,17126719.36756531,33116832.615959257,23,19,7,July,2024
23:16:20,2024-07-19,CoinDCX,USDC,coindcx,11010442028.190937,117270790.59261827,125606610.11541133,242877400.70802963,23,19,7,July,2024
23:16:24,2024-07-19,CoinDCX,XRP,coindcx,19036896908.209103,202759520.92930248,217172033.75072655,419931554.68002903,23,19,7,July,2024
23:16:37,2024-07-19,CoinDCX,BTC,coindcx,164992.8575535034,1754.5130640723328,1881.9176720534936,3636.4307361258266,23,19,7,July,2024
23:16:42,2024-07-19,CoinDCX,ETH,coindcx,3145979.8633228475,33453.949773059285,35883.22057390774,69337.17034696702,23,19,7,July,2024
23:16:46,2024-07-19,CoinDCX,BNB,coindcx,18635026.440175865,198162.5012344521,212552.14375312463,410714.6449875767,23,19,7,July,2024
23:16:50,2024-07-19,CoinDCX,ADA,coindcx,25218437188.807755,268169653.8827614,287642891.4009109,555812545.2836723,23,19,7,July,2024
23:16:54,2024-07-19,CoinDCX,DOGE,coindcx,88003620124.96239,935819304.4498055,1003774165.5825549,1939593470.0323606,23,19,7,July,2024
23:16:59,2024-07-19,CoinDCX,SOL,coindcx,64250791.60137938,683234.746722619,732848.0877958745,1416082.8345184934,23,19,7,July,2024
23:17:03,2024-07-19,CoinDCX,USDT,coindcx,11005848394.47599,117034792.14575016,125533316.39092,242568108.53667018,23,19,7,July,2024
23:17:07,2024-07-19,CoinDCX,TONCOIN,coindcx,1501060628.9747891,15962087.829449676,17121180.676414113,33083268.50586379,23,19,7,July,2024
23:17:11,2024-07-19,CoinDCX,USDC,coindcx,11008889068.47222,117055681.47544608,125579466.67684628,242635148.15229234,23,19,7,July,2024
23:17:16,2024-07-19,CoinDCX,XRP,coindcx,19014087427.898632,202173620.57725438,216895541.7473206,419069162.324575,23,19,7,July,2024
23:17:29,2024-07-19,CoinDCX,BTC,coindcx,165003.2749912473,1748.639675943494,1885.3769862674965,3634.0166622109905,23,19,7,July,2024
23:17:33,2024-07-19,CoinDCX,ETH,coindcx,3145953.2705411925,33339.57285286814,35946.60709895581,69286.17995182394,23,19,7,July,2024
23:17:38,2024-07-19,CoinDCX,BNB,coindcx,18636734.034588844,197504.76203952447,212948.921467564,410453.68350708846,23,19,7,July,2024
23:17:43,2024-07-19,CoinDCX,ADA,coindcx,25216333124.014606,267232759.98491,288129397.1443525,555362157.1292624,23,19,7,July,2024
23:17:48,2024-07-19,CoinDCX,DOGE,coindcx,87998182889.00435,932570059.7082535,1005493671.9352252,1938063731.6434786,23,19,7,July,2024
23:18:00,2024-07-19,CoinDCX,SOL,coindcx,64270365.345114976,681112.0011758154,734372.5009525511,1415484.5021283664,23,19,7,July,2024
23:18:04,2024-07-19,CoinDCX,USDT,coindcx,11006632177.49918,116643949.79501073,125765085.60129513,242409035.39630583,23,19,7,July,2024
23:18:08,2024-07-19,CoinDCX,TONCOIN,coindcx,1500961990.409585,15906603.603186324,17150442.58443112,33057046.18761744,23,19,7,July,2024
23:18:13,2024-07-19,CoinDCX,USDC,coindcx,11010098162.317127,116680680.9360696,125804688.98499072,242485369.9210603,23,19,7,July,2024
23:18:17,2024-07-19,CoinDCX,XRP,coindcx,19008439092.803764,201443945.74710828,217196135.12120092,418640080.8683092,23,19,7,July,2024
23:18:30,2024-07-19,CoinDCX,BTC,coindcx,164960.4225804899,1752.6506079993492,1881.2833154030318,3633.933923402381,23,19,7,July,2024
23:18:34,2024-07-19,CoinDCX,ETH,coindcx,3145311.7718715444,33417.91020587601,35870.55892315908,69288.46912903509,23,19,7,July,2024
23:18:38,2024-07-19,CoinDCX,BNB,coindcx,18631654.488306485,197955.24317980438,212483.81993021513,410439.06311001955,23,19,7,July,2024
23:18:43,2024-07-19,CoinDCX,ADA,coindcx,25208404391.828823,267831062.70520473,287488052.2759343,555319114.981139,23,19,7,July,2024
23:18:48,2024-07-19,CoinDCX,DOGE,coindcx,87966277851.57506,934707992.5361643,1003333879.7217226,1938041872.257887,23,19,7,July,2024
23:18:53,2024-07-19,CoinDCX,SOL,coindcx,64256078.54258629,682769.2571479144,732897.9030875578,1415667.1602354723,23,19,7,July,2024
23:18:58,2024-07-19,CoinDCX,USDT,coindcx,11002638806.162504,116911328.77602494,125494911.80234295,242406240.57836792,23,19,7,July,2024
23:19:03,2024-07-19,CoinDCX,TONCOIN,coindcx,1500430579.258051,15943205.611638317,17113749.394741915,33056955.006380234,23,19,7,July,2024
23:19:07,2024-07-19,CoinDCX,USDC,coindcx,11006076645.192389,116947858.40643294,125534123.4236137,242481981.83004665,23,19,7,July,2024
23:19:13,2024-07-19,CoinDCX,XRP,coindcx,18990774639.527645,201791291.7717224,216606727.75251457,418398019.524237,23,19,7,July,2024
23:19:26,2024-07-19,CoinDCX,BTC,coindcx,164915.49400397376,1752.573439775928,1881.4021516586188,3633.975591434547,23,19,7,July,2024
23:19:31,2024-07-19,CoinDCX,ETH,coindcx,3144492.8563405788,33416.83990865559,35873.25533919675,69290.09524785234,23,19,7,July,2024
23:19:35,2024-07-19,CoinDCX,BNB,coindcx,18626834.43095229,197949.2314409472,212500.14492960894,410449.3763705562,23,19,7,July,2024
23:19:40,2024-07-19,CoinDCX,ADA,coindcx,25201140900.75053,267815043.46487874,287501674.7291289,555316718.1940076,23,19,7,July,2024
23:19:44,2024-07-19,CoinDCX,DOGE,coindcx,87937843288.21184,934406811.1818479,1003483734.9195296,1937890546.1013775,23,19,7,July,2024
23:19:49,2024-07-19,CoinDCX,SOL,coindcx,64244552.71794185,682647.4859546997,733112.8590263817,1415760.3449810813,23,19,7,July,2024
23:19:53,2024-07-19,CoinDCX,USDT,coindcx,10999394810.555021,116876978.61972296,125517221.86516097,242394200.48488393,23,19,7,July,2024
23:19:58,2024-07-19,CoinDCX,TONCOIN,coindcx,1500067477.7363095,15939363.71438255,17117696.533182275,33057060.247564826,23,19,7,July,2024
23:20:02,2024-07-19,CoinDCX,USDC,coindcx,11002937292.640347,116914620.200017,125557646.13554269,242472266.3355597,23,19,7,July,2024
23:20:07,2024-07-19,CoinDCX,XRP,coindcx,18979500556.61834,201671702.7595239,216580477.6794628,418252180.4389867,23,19,7,July,2024
23:20:21,2024-07-19,CoinDCX,BTC,coindcx,164921.2680185506,1752.1820495975783,1881.6638835848187,3633.845933182397,23,19,7,July,2024
23:20:25,2024-07-19,CoinDCX,ETH,coindcx,3144521.644759225,33408.51332708902,35877.31819663562,69285.83152372464,23,19,7,July,2024
23:20:30,2024-07-19,CoinDCX,BNB,coindcx,18629977.331330948,197931.4872882019,212558.12496194398,410489.6122501459,23,19,7,July,2024
23:20:35,2024-07-19,CoinDCX,ADA,coindcx,25195144895.167747,267682156.17501393,287463192.34940004,555145348.524414,23,19,7,July,2024
23:20:39,2024-07-19,CoinDCX,DOGE,coindcx,87960804662.69537,934307402.3273665,1003398504.2369487,1937705906.564315,23,19,7,July,2024
23:20:43,2024-07-19,CoinDCX,SOL,coindcx,64300151.33856877,682987.2418376514,733493.4681730128,1416480.710010664,23,19,7,July,2024
23:20:47,2024-07-19,CoinDCX,USDT,coindcx,11003435141.026873,116876953.80588679,125519888.14009926,242396841.94598603,23,19,7,July,2024
23:20:51,2024-07-19,CoinDCX,TONCOIN,coindcx,1500632158.9534993,15939505.552015137,17118216.113163788,33057721.665178925,23,19,7,July,2024
23:20:55,2024-07-19,CoinDCX,USDC,coindcx,11004472310.363174,116877499.83622175,125542927.74642502,242420427.5826468,23,19,7,July,2024
23:20:59,2024-07-19,CoinDCX,XRP,coindcx,18957278134.694347,201343527.39443862,216271360.58959934,417614887.984038,23,19,7,July,2024
23:21:14,2024-07-19,CoinDCX,BTC,coindcx,164919.15729749002,1752.9225908550695,1887.2818818136668,3640.2044726687363,23,19,7,July,2024
23:21:18,2024-07-19,CoinDCX,ETH,coindcx,3143411.313119423,33418.23789541937,35980.46051905037,69398.69841446973,23,19,7,July,2024
23:21:22,2024-07-19,CoinDCX,BNB,coindcx,18625210.677302428,198008.36074765082,213189.9362443427,411198.29699199356,23,19,7,July,2024
23:21:26,2024-07-19,CoinDCX,ADA,coindcx,25187531367.17424,267773711.86313722,288304293.5382237,556078005.4013609,23,19,7,July,2024
23:21:30,2024-07-19,CoinDCX,DOGE,coindcx,87929073491.30223,934791665.2180463,1006463437.9937041,1941255103.2117503,23,19,7,July,2024
23:21:35,2024-07-19,CoinDCX,SOL,coindcx,64279924.2603928,683372.803256096,735767.9433695998,1419140.7466256958,23,19,7,July,2024
23:21:39,2024-07-19,CoinDCX,USDT,coindcx,10998141445.34989,116923453.73136687,125888137.00763993,242811590.7390068,23,19,7,July,2024
23:21:43,2024-07-19,CoinDCX,TONCOIN,coindcx,1499983746.337106,15946628.894903196,17169279.037410237,33115907.932313435,23,19,7,July,2024
23:21:48,2024-07-19,CoinDCX,USDC,coindcx,11001646818.180973,116960720.05496009,125928260.59192142,242888980.64688152,23,19,7,July,2024
23:21:52,2024-07-19,CoinDCX,XRP,coindcx,18942873618.896152,201339415.01163676,216785836.95002678,418125251.96166354,23,19,7,July,2024
23:22:05,2024-07-19,CoinDCX,BTC,coindcx,164951.7004669909,1753.5217891185082,1888.040803908087,3641.5625930265956,23,19,7,July,2024
23:22:09,2024-07-19,CoinDCX,ETH,coindcx,3144175.4551880243,33424.20935264688,35988.30164972573,69412.51100237262,23,19,7,July,2024
23:22:13,2024-07-19,CoinDCX,BNB,coindcx,18629887.33535231,198045.3264736153,213238.1015883765,411283.4280619919,23,19,7,July,2024
23:22:18,2024-07-19,CoinDCX,ADA,coindcx,25193162310.15163,267816330.00801003,288361491.796589,556177821.804599,23,19,7,July,2024
23:22:22,2024-07-19,CoinDCX,DOGE,coindcx,87939212449.0612,934535434.5512404,1006552602.8629813,1941088037.4142218,23,19,7,July,2024
23:22:27,2024-07-19,CoinDCX,SOL,coindcx,64307243.137703,683397.0391228711,736060.9807677277,1419458.019890599,23,19,7,July,2024
23:22:31,2024-07-19,CoinDCX,USDT,coindcx,11000017685.932003,116897866.40002528,125906249.61222163,242804116.01224694,23,19,7,July,2024
23:22:35,2024-07-19,CoinDCX,TONCOIN,coindcx,1500120454.9891827,15941872.598581439,17170385.16181846,33112257.7603999,23,19,7,July,2024
23:22:40,2024-07-19,CoinDCX,USDC,coindcx,11002859532.460745,116928066.8783637,125938777.39977828,242866844.278142,23,19,7,July,2024
23:22:44,2024-07-19,CoinDCX,XRP,coindcx,18934257485.073696,201215522.10816196,216721592.3831289,417937114.49129087,23,19,7,July,2024
