Time,Date,Name,Coin_Name,Code,Volume,Bid_Total,Ask_Total,Depth,Hour,Day,Month_Number,Month_Name,Year
14:50:29,2024-07-15,Coinbase,BTC,coinbasepro,41284.177624177464,1610.4585849700525,1236.5293357838473,2846.9879207538993,14,15,7,July,2024
14:57:13,2024-07-15,Coinbase,BTC,coinbasepro,41651.40751660897,1655.2083365071603,1272.785199854086,2927.9935363612462,14,15,7,July,2024
14:59:25,2024-07-15,Coinbase,BTC,coinbasepro,41695.00297282223,1690.4046005690489,1304.9241073017113,2995.3287078707604,14,15,7,July,2024
15:01:47,2024-07-15,Coinbase,ETH,coinbasepro,774394.8443753251,31129.93419930624,24510.053131292312,55639.98733059856,15,15,7,July,2024
15:02:35,2024-07-15,Coinbase,BNB,coinbasepro,4551112.6607759865,180218.86910252506,144576.80929703498,324795.6783995601,15,15,7,July,2024
15:02:58,2024-07-15,Coinbase,ADA,coinbasepro,6043688618.0906105,237501196.36259446,188133445.25536796,425634641.6179624,15,15,7,July,2024
15:03:21,2024-07-15,Coinbase,DOGE,coinbasepro,21798060631.756104,855355870.5346173,678667268.2110518,1534023138.7456691,15,15,7,July,2024
15:03:54,2024-07-15,Coinbase,SOL,coinbasepro,16937142.60885278,664656.3214936133,527939.8618703043,1192596.1833639177,15,15,7,July,2024
15:04:31,2024-07-15,Coinbase,USDT,coinbasepro,2638242202.730702,103375769.63410355,82155782.89942856,185531552.53353208,15,15,7,July,2024
15:04:56,2024-07-15,Coinbase,TONCOIN,coinbasepro,350593176.0989226,13753588.434917167,10920967.078231893,24674555.513149064,15,15,7,July,2024
15:05:17,2024-07-15,Coinbase,USDC,coinbasepro,2646596095.151564,103386715.21521328,82039465.06316186,185426180.27837515,15,15,7,July,2024
15:06:51,2024-07-15,Coinbase,XRP,coinbasepro,4961996957.710799,193639601.24095052,153862879.17228028,347502480.4132308,15,15,7,July,2024
15:10:47,2024-07-15,Coinbase,BTC,coinbasepro,41878.175711776246,1598.3110090458517,1268.306574859485,2866.617583905337,15,15,7,July,2024
15:10:47,2024-07-15,Coinbase,BTC,coinbasepro,41878.175711776246,1598.3110090458517,1268.306574859485,2866.617583905337,15,15,7,July,2024
15:10:50,2024-07-15,Coinbase,ETH,coinbasepro,783672.8692337986,29909.444551919903,23734.019825241012,53643.46437716092,15,15,7,July,2024
15:10:50,2024-07-15,Coinbase,ETH,coinbasepro,783672.8692337986,29909.444551919903,23734.019825241012,53643.46437716092,15,15,7,July,2024
15:10:52,2024-07-15,Coinbase,BNB,coinbasepro,4599058.106936338,175526.39480164563,139285.33265951017,314811.72746115585,15,15,7,July,2024
15:10:53,2024-07-15,Coinbase,BNB,coinbasepro,4599058.106936338,175526.39480164563,139285.33265951017,314811.72746115585,15,15,7,July,2024
15:10:55,2024-07-15,Coinbase,ADA,coinbasepro,6078231031.515356,231980104.38795838,184083003.8500953,416063108.2380537,15,15,7,July,2024
15:10:56,2024-07-15,Coinbase,ADA,coinbasepro,6078231031.515356,231980104.38795838,184083003.8500953,416063108.2380537,15,15,7,July,2024
15:10:58,2024-07-15,Coinbase,DOGE,coinbasepro,21935636784.091824,837189518.5631536,664334390.9837472,1501523909.546901,15,15,7,July,2024
15:10:58,2024-07-15,Coinbase,DOGE,coinbasepro,21935636784.091824,837189518.5631536,664334390.9837472,1501523909.546901,15,15,7,July,2024
15:11:00,2024-07-15,Coinbase,SOL,coinbasepro,17082646.719072677,651971.6260481012,517358.5711783797,1169330.197226481,15,15,7,July,2024
15:11:01,2024-07-15,Coinbase,SOL,coinbasepro,17082646.719072677,651971.6260481012,517358.5711783797,1169330.197226481,15,15,7,July,2024
15:11:03,2024-07-15,Coinbase,USDT,coinbasepro,2659958741.008523,101519258.35122159,80558503.39076233,182077761.74198395,15,15,7,July,2024
15:11:04,2024-07-15,Coinbase,USDT,coinbasepro,2659958741.008523,101519258.35122159,80558503.39076233,182077761.74198395,15,15,7,July,2024
15:11:06,2024-07-15,Coinbase,TONCOIN,coinbasepro,353295625.2896046,13483784.280252798,10699777.552580811,24183561.83283361,15,15,7,July,2024
15:11:06,2024-07-15,Coinbase,TONCOIN,coinbasepro,353295625.2896046,13483784.280252798,10699777.552580811,24183561.83283361,15,15,7,July,2024
15:11:08,2024-07-15,Coinbase,USDC,coinbasepro,2664347172.5045485,101686746.02835478,80691409.76562536,182378155.79398015,15,15,7,July,2024
15:11:09,2024-07-15,Coinbase,USDC,coinbasepro,2664347172.5045485,101686746.02835478,80691409.76562536,182378155.79398015,15,15,7,July,2024
15:11:11,2024-07-15,Coinbase,XRP,coinbasepro,4979761374.209683,190056211.65543002,150815167.6808932,340871379.33632326,15,15,7,July,2024
15:11:11,2024-07-15,Coinbase,XRP,coinbasepro,4979761374.209683,190056211.65543002,150815167.6808932,340871379.33632326,15,15,7,July,2024
15:11:22,2024-07-15,Coinbase,BTC,coinbasepro,41932.738031295754,1600.5319736847237,1269.0743092945033,2869.6062829792268,15,15,7,July,2024
15:11:22,2024-07-15,Coinbase,BTC,coinbasepro,41932.738031295754,1600.5319736847237,1269.0743092945033,2869.6062829792268,15,15,7,July,2024
15:11:25,2024-07-15,Coinbase,ETH,coinbasepro,784722.4212010353,29952.09434361702,23749.249665747164,53701.344009364184,15,15,7,July,2024
15:11:25,2024-07-15,Coinbase,ETH,coinbasepro,784722.4212010353,29952.09434361702,23749.249665747164,53701.344009364184,15,15,7,July,2024
15:11:27,2024-07-15,Coinbase,BNB,coinbasepro,4605671.066850179,175794.0012709577,139388.43735027037,315182.4386212281,15,15,7,July,2024
15:11:28,2024-07-15,Coinbase,BNB,coinbasepro,4605671.066850179,175794.0012709577,139388.43735027037,315182.4386212281,15,15,7,July,2024
15:11:30,2024-07-15,Coinbase,ADA,coinbasepro,6087707485.406458,232361895.12740433,184241562.4389516,416603457.56635594,15,15,7,July,2024
15:11:30,2024-07-15,Coinbase,ADA,coinbasepro,6087707485.406458,232361895.12740433,184241562.4389516,416603457.56635594,15,15,7,July,2024
15:11:32,2024-07-15,Coinbase,DOGE,coinbasepro,21963126875.307922,838311268.3886514,664703555.6902233,1503014824.0788746,15,15,7,July,2024
15:11:33,2024-07-15,Coinbase,DOGE,coinbasepro,21963126875.307922,838311268.3886514,664703555.6902233,1503014824.0788746,15,15,7,July,2024
15:11:35,2024-07-15,Coinbase,SOL,coinbasepro,17108023.828028195,652996.6901489529,517766.17846287315,1170762.868611826,15,15,7,July,2024
15:11:36,2024-07-15,Coinbase,SOL,coinbasepro,17108023.828028195,652996.6901489529,517766.17846287315,1170762.868611826,15,15,7,July,2024
15:11:38,2024-07-15,Coinbase,USDT,coinbasepro,2663755508.8255444,101672966.32936707,80617289.52612698,182290255.85549405,15,15,7,July,2024
15:11:38,2024-07-15,Coinbase,USDT,coinbasepro,2663755508.8255444,101672966.32936707,80617289.52612698,182290255.85549405,15,15,7,July,2024
15:11:40,2024-07-15,Coinbase,TONCOIN,coinbasepro,353810931.36715657,13504620.372503892,10707919.025237672,24212539.397741564,15,15,7,July,2024
15:11:41,2024-07-15,Coinbase,TONCOIN,coinbasepro,353810931.36715657,13504620.372503892,10707919.025237672,24212539.397741564,15,15,7,July,2024
15:11:43,2024-07-15,Coinbase,USDC,coinbasepro,2668122229.3052745,101841178.1762661,80970202.85217875,182811381.0284449,15,15,7,July,2024
15:11:43,2024-07-15,Coinbase,USDC,coinbasepro,2668122229.3052745,101841178.1762661,80970202.85217875,182811381.0284449,15,15,7,July,2024
15:11:45,2024-07-15,Coinbase,XRP,coinbasepro,4987947123.289437,190387983.78025618,151370535.40978453,341758519.1900407,15,15,7,July,2024
15:11:45,2024-07-15,Coinbase,XRP,coinbasepro,4987947123.289437,190387983.78025618,151370535.40978453,341758519.1900407,15,15,7,July,2024
15:11:57,2024-07-15,Coinbase,BTC,coinbasepro,41919.912539984514,1592.180532394172,1272.287419567874,2864.467951962046,15,15,7,July,2024
15:11:57,2024-07-15,Coinbase,BTC,coinbasepro,41919.912539984514,1592.180532394172,1272.287419567874,2864.467951962046,15,15,7,July,2024
15:11:59,2024-07-15,Coinbase,ETH,coinbasepro,784531.8480467661,29797.684675793098,23810.879843038052,53608.564518831154,15,15,7,July,2024
15:12:00,2024-07-15,Coinbase,ETH,coinbasepro,784531.8480467661,29797.684675793098,23810.879843038052,53608.564518831154,15,15,7,July,2024
15:12:02,2024-07-15,Coinbase,BNB,coinbasepro,4604699.179915542,174893.31316709952,139754.60544945148,314647.91861655103,15,15,7,July,2024
15:12:02,2024-07-15,Coinbase,BNB,coinbasepro,4604699.179915542,174893.31316709952,139754.60544945148,314647.91861655103,15,15,7,July,2024
15:12:04,2024-07-15,Coinbase,ADA,coinbasepro,6086449629.293378,231172395.74188814,184726370.45216447,415898766.19405264,15,15,7,July,2024
15:12:05,2024-07-15,Coinbase,ADA,coinbasepro,6086449629.293378,231172395.74188814,184726370.45216447,415898766.19405264,15,15,7,July,2024
15:12:07,2024-07-15,Coinbase,DOGE,coinbasepro,21957300464.53486,833970879.8346367,666413536.098228,1500384415.9328647,15,15,7,July,2024
15:12:08,2024-07-15,Coinbase,DOGE,coinbasepro,21957300464.53486,833970879.8346367,666413536.098228,1500384415.9328647,15,15,7,July,2024
15:12:10,2024-07-15,Coinbase,SOL,coinbasepro,17100529.77942698,649325.9181234135,518920.4427553468,1168246.3608787605,15,15,7,July,2024
15:12:10,2024-07-15,Coinbase,SOL,coinbasepro,17100529.77942698,649325.9181234135,518920.4427553468,1168246.3608787605,15,15,7,July,2024
15:12:12,2024-07-15,Coinbase,USDT,coinbasepro,2662873339.8999896,101112228.60224512,80805649.31998353,181917877.92222866,15,15,7,July,2024
15:12:13,2024-07-15,Coinbase,USDT,coinbasepro,2662873339.8999896,101112228.60224512,80805649.31998353,181917877.92222866,15,15,7,July,2024
15:12:15,2024-07-15,Coinbase,TONCOIN,coinbasepro,353680800.68879557,13429648.881765325,10732544.5500698,24162193.431835126,15,15,7,July,2024
15:12:15,2024-07-15,Coinbase,TONCOIN,coinbasepro,353680800.68879557,13429648.881765325,10732544.5500698,24162193.431835126,15,15,7,July,2024
15:12:17,2024-07-15,Coinbase,USDC,coinbasepro,2667506413.4499273,101288151.4990998,80946241.25537163,182234392.75447145,15,15,7,July,2024
15:12:18,2024-07-15,Coinbase,USDC,coinbasepro,2667506413.4499273,101288151.4990998,80946241.25537163,182234392.75447145,15,15,7,July,2024
15:12:20,2024-07-15,Coinbase,XRP,coinbasepro,4986611918.385366,189347137.42764717,151320157.79129463,340667295.21894187,15,15,7,July,2024
15:12:20,2024-07-15,Coinbase,XRP,coinbasepro,4986611918.385366,189347137.42764717,151320157.79129463,340667295.21894187,15,15,7,July,2024
15:12:31,2024-07-15,Coinbase,BTC,coinbasepro,41970.20354406831,1591.7652753567884,1323.6200395970773,2915.3853149538654,15,15,7,July,2024
15:12:32,2024-07-15,Coinbase,BTC,coinbasepro,41970.20354406831,1591.7652753567884,1323.6200395970773,2915.3853149538654,15,15,7,July,2024
15:12:34,2024-07-15,Coinbase,ETH,coinbasepro,785404.7918864896,29787.324560174267,24769.41815745504,54556.742717629306,15,15,7,July,2024
15:12:34,2024-07-15,Coinbase,ETH,coinbasepro,785404.7918864896,29787.324560174267,24769.41815745504,54556.742717629306,15,15,7,July,2024
15:12:37,2024-07-15,Coinbase,BNB,coinbasepro,4611311.888029502,175385.72455909473,148975.44501347787,324361.1695725726,15,15,7,July,2024
15:12:37,2024-07-15,Coinbase,BNB,coinbasepro,4611311.888029502,175385.72455909473,148975.44501347787,324361.1695725726,15,15,7,July,2024
15:12:39,2024-07-15,Coinbase,ADA,coinbasepro,6093833358.980083,231771653.0476991,196870556.2615865,428642209.3092855,15,15,7,July,2024
15:12:40,2024-07-15,Coinbase,ADA,coinbasepro,6093833358.980083,231771653.0476991,196870556.2615865,428642209.3092855,15,15,7,July,2024
15:12:42,2024-07-15,Coinbase,DOGE,coinbasepro,21989324073.528645,836337603.8849039,710398563.1297976,1546736167.0147014,15,15,7,July,2024
15:12:43,2024-07-15,Coinbase,DOGE,coinbasepro,21989324073.528645,836337603.8849039,710398563.1297976,1546736167.0147014,15,15,7,July,2024
15:12:45,2024-07-15,Coinbase,SOL,coinbasepro,17115277.83006931,650959.0928015998,552935.0851072981,1203894.1779088976,15,15,7,July,2024
15:12:45,2024-07-15,Coinbase,SOL,coinbasepro,17115277.83006931,650959.0928015998,552935.0851072981,1203894.1779088976,15,15,7,July,2024
15:12:47,2024-07-15,Coinbase,USDT,coinbasepro,2667015512.779713,101436740.66667749,86161993.05573077,187598733.72240824,15,15,7,July,2024
15:12:48,2024-07-15,Coinbase,USDT,coinbasepro,2667015512.779713,101436740.66667749,86161993.05573077,187598733.72240824,15,15,7,July,2024
15:12:50,2024-07-15,Coinbase,TONCOIN,coinbasepro,354243498.86508924,13473227.19161195,11444375.086307433,24917602.277919378,15,15,7,July,2024
15:12:50,2024-07-15,Coinbase,TONCOIN,coinbasepro,354243498.86508924,13473227.19161195,11444375.086307433,24917602.277919378,15,15,7,July,2024
15:12:52,2024-07-15,Coinbase,USDC,coinbasepro,2671593745.2296824,101610868.25443016,86309899.81917912,187920768.07360926,15,15,7,July,2024
15:12:53,2024-07-15,Coinbase,USDC,coinbasepro,2671593745.2296824,101610868.25443016,86309899.81917912,187920768.07360926,15,15,7,July,2024
15:12:55,2024-07-15,Coinbase,XRP,coinbasepro,4997371286.846963,190069031.39856818,161447681.1443208,351516712.54288894,15,15,7,July,2024
15:12:55,2024-07-15,Coinbase,XRP,coinbasepro,4997371286.846963,190069031.39856818,161447681.1443208,351516712.54288894,15,15,7,July,2024
15:13:06,2024-07-15,Coinbase,BTC,coinbasepro,41956.05129554252,1595.7107706558909,1355.7712995454785,2951.4820702013694,15,15,7,July,2024
15:13:06,2024-07-15,Coinbase,BTC,coinbasepro,41956.05129554252,1595.7107706558909,1355.7712995454785,2951.4820702013694,15,15,7,July,2024
15:13:08,2024-07-15,Coinbase,ETH,coinbasepro,785087.2573912394,29859.153896520063,25369.374341550574,55228.52823807064,15,15,7,July,2024
15:13:09,2024-07-15,Coinbase,ETH,coinbasepro,785087.2573912394,29859.153896520063,25369.374341550574,55228.52823807064,15,15,7,July,2024
15:13:11,2024-07-15,Coinbase,BNB,coinbasepro,4609931.243004226,175329.1053208925,148965.69813296883,324294.8034538613,15,15,7,July,2024
15:13:11,2024-07-15,Coinbase,BNB,coinbasepro,4609931.243004226,175329.1053208925,148965.69813296883,324294.8034538613,15,15,7,July,2024
15:13:14,2024-07-15,Coinbase,ADA,coinbasepro,6091917101.670973,231693341.79243782,196854711.31391373,428548053.1063516,15,15,7,July,2024
15:13:14,2024-07-15,Coinbase,ADA,coinbasepro,6091917101.670973,231693341.79243782,196854711.31391373,428548053.1063516,15,15,7,July,2024
15:13:17,2024-07-15,Coinbase,DOGE,coinbasepro,21987817967.69825,836260726.9003131,710516162.0250661,1546776888.9253793,15,15,7,July,2024
15:13:18,2024-07-15,Coinbase,DOGE,coinbasepro,21987817967.69825,836260726.9003131,710516162.0250661,1546776888.9253793,15,15,7,July,2024
15:13:20,2024-07-15,Coinbase,SOL,coinbasepro,17109633.374386452,650729.1657445028,552882.1030210502,1203611.2687655531,15,15,7,July,2024
15:13:20,2024-07-15,Coinbase,SOL,coinbasepro,17109633.374386452,650729.1657445028,552882.1030210502,1203611.2687655531,15,15,7,July,2024
15:13:22,2024-07-15,Coinbase,USDT,coinbasepro,2666227613.4669967,101404397.89865176,86156698.84973736,187561096.74838915,15,15,7,July,2024
15:13:23,2024-07-15,Coinbase,USDT,coinbasepro,2666227613.4669967,101404397.89865176,86156698.84973736,187561096.74838915,15,15,7,July,2024
15:13:25,2024-07-15,Coinbase,TONCOIN,coinbasepro,354147059.1872019,13469243.632113831,11443937.259068357,24913180.891182188,15,15,7,July,2024
15:13:25,2024-07-15,Coinbase,TONCOIN,coinbasepro,354147059.1872019,13469243.632113831,11443937.259068357,24913180.891182188,15,15,7,July,2024
15:13:27,2024-07-15,Coinbase,USDC,coinbasepro,2670717694.3547745,101575168.74606238,86301791.69361357,187876960.439676,15,15,7,July,2024
15:13:28,2024-07-15,Coinbase,USDC,coinbasepro,2670717694.3547745,101575168.74606238,86301791.69361357,187876960.439676,15,15,7,July,2024
15:13:31,2024-07-15,Coinbase,XRP,coinbasepro,4996428691.240555,190028728.42501548,161455008.53006163,351483736.9550771,15,15,7,July,2024
15:13:31,2024-07-15,Coinbase,XRP,coinbasepro,4996428691.240555,190028728.42501548,161455008.53006163,351483736.9550771,15,15,7,July,2024
15:13:42,2024-07-15,Coinbase,BTC,coinbasepro,42039.52282066597,1601.0491655468588,1351.8785419736,2952.927707520459,15,15,7,July,2024
15:13:42,2024-07-15,Coinbase,BTC,coinbasepro,42039.52282066597,1601.0491655468588,1351.8785419736,2952.927707520459,15,15,7,July,2024
15:13:44,2024-07-15,Coinbase,ETH,coinbasepro,786814.7571009131,29952.9453663353,25294.749040718125,55247.69440705343,15,15,7,July,2024
15:13:44,2024-07-15,Coinbase,ETH,coinbasepro,786814.7571009131,29952.9453663353,25294.749040718125,55247.69440705343,15,15,7,July,2024
15:13:46,2024-07-15,Coinbase,BNB,coinbasepro,4617776.741780556,175792.3491040307,148453.6261620005,324245.97526603116,15,15,7,July,2024
15:13:47,2024-07-15,Coinbase,BNB,coinbasepro,4617776.741780556,175792.3491040307,148453.6261620005,324245.97526603116,15,15,7,July,2024
15:13:49,2024-07-15,Coinbase,ADA,coinbasepro,6100823023.288529,232249861.93644157,196131028.20353734,428380890.13997895,15,15,7,July,2024
15:13:49,2024-07-15,Coinbase,ADA,coinbasepro,6100823023.288529,232249861.93644157,196131028.20353734,428380890.13997895,15,15,7,July,2024
15:13:52,2024-07-15,Coinbase,DOGE,coinbasepro,22036413646.73514,838895671.5334812,708433017.9640127,1547328689.497494,15,15,7,July,2024
15:13:52,2024-07-15,Coinbase,DOGE,coinbasepro,22036413646.73514,838895671.5334812,708433017.9640127,1547328689.497494,15,15,7,July,2024
15:13:54,2024-07-15,Coinbase,SOL,coinbasepro,17129247.471138842,652086.6684807931,550676.0163412164,1202762.6848220094,15,15,7,July,2024
15:13:55,2024-07-15,Coinbase,SOL,coinbasepro,17129247.471138842,652086.6684807931,550676.0163412164,1202762.6848220094,15,15,7,July,2024
15:13:57,2024-07-15,Coinbase,USDT,coinbasepro,2669197093.50572,101612627.35887371,85810122.40951405,187422749.76838776,15,15,7,July,2024
15:13:57,2024-07-15,Coinbase,USDT,coinbasepro,2669197093.50572,101612627.35887371,85810122.40951405,187422749.76838776,15,15,7,July,2024
15:13:59,2024-07-15,Coinbase,TONCOIN,coinbasepro,354587206.01235425,13498642.61369889,11399372.353131363,24898014.966830254,15,15,7,July,2024
15:14:00,2024-07-15,Coinbase,TONCOIN,coinbasepro,354587206.01235425,13498642.61369889,11399372.353131363,24898014.966830254,15,15,7,July,2024
15:14:02,2024-07-15,Coinbase,USDC,coinbasepro,2673706771.5577993,101784304.54094817,85955100.8476436,187739405.38859177,15,15,7,July,2024
15:14:02,2024-07-15,Coinbase,USDC,coinbasepro,2673706771.5577993,101784304.54094817,85955100.8476436,187739405.38859177,15,15,7,July,2024
15:14:05,2024-07-15,Coinbase,XRP,coinbasepro,5001757136.245931,190409949.59177822,160797939.26353008,351207888.8553083,15,15,7,July,2024
15:14:05,2024-07-15,Coinbase,XRP,coinbasepro,5001757136.245931,190409949.59177822,160797939.26353008,351207888.8553083,15,15,7,July,2024
15:14:16,2024-07-15,Coinbase,BTC,coinbasepro,42031.163011846715,1600.3309342968419,1351.401274329029,2951.7322086258714,15,15,7,July,2024
15:14:16,2024-07-15,Coinbase,BTC,coinbasepro,42031.163011846715,1600.3309342968419,1351.401274329029,2951.7322086258714,15,15,7,July,2024
15:14:19,2024-07-15,Coinbase,ETH,coinbasepro,786742.1423065835,29955.102296201607,25295.620142173968,55250.72243837558,15,15,7,July,2024
15:14:19,2024-07-15,Coinbase,ETH,coinbasepro,786742.1423065835,29955.102296201607,25295.620142173968,55250.72243837558,15,15,7,July,2024
15:14:21,2024-07-15,Coinbase,BNB,coinbasepro,4617350.575219884,175805.0082491171,148458.7388080905,324263.7470572076,15,15,7,July,2024
15:14:22,2024-07-15,Coinbase,BNB,coinbasepro,4617350.575219884,175805.0082491171,148458.7388080905,324263.7470572076,15,15,7,July,2024
15:14:24,2024-07-15,Coinbase,ADA,coinbasepro,6100298815.928904,232268065.0267471,196139031.20669264,428407096.2334398,15,15,7,July,2024
15:14:25,2024-07-15,Coinbase,ADA,coinbasepro,6100298815.928904,232268065.0267471,196139031.20669264,428407096.2334398,15,15,7,July,2024
15:14:27,2024-07-15,Coinbase,DOGE,coinbasepro,22035128679.93479,838984590.0236442,708481489.5480012,1547466079.5716455,15,15,7,July,2024
15:14:27,2024-07-15,Coinbase,DOGE,coinbasepro,22035128679.93479,838984590.0236442,708481489.5480012,1547466079.5716455,15,15,7,July,2024
15:14:29,2024-07-15,Coinbase,SOL,coinbasepro,17125296.34432293,652145.6308928858,550613.1160722472,1202758.746965133,15,15,7,July,2024
15:14:30,2024-07-15,Coinbase,SOL,coinbasepro,17125296.34432293,652145.6308928858,550613.1160722472,1202758.746965133,15,15,7,July,2024
15:14:32,2024-07-15,Coinbase,USDT,coinbasepro,2668589849.1818237,101622136.97200911,85800592.4588784,187422729.4308875,15,15,7,July,2024
15:14:32,2024-07-15,Coinbase,USDT,coinbasepro,2668589849.1818237,101622136.97200911,85800592.4588784,187422729.4308875,15,15,7,July,2024
15:14:35,2024-07-15,Coinbase,TONCOIN,coinbasepro,354506722.64423764,13499912.973548956,11398112.318705153,24898025.292254105,15,15,7,July,2024
15:14:35,2024-07-15,Coinbase,TONCOIN,coinbasepro,354506722.64423764,13499912.973548956,11398112.318705153,24898025.292254105,15,15,7,July,2024
15:14:37,2024-07-15,Coinbase,USDC,coinbasepro,2673051523.608878,101792041.2717986,85944044.3682519,187736085.64005047,15,15,7,July,2024
15:14:37,2024-07-15,Coinbase,USDC,coinbasepro,2673051523.608878,101792041.2717986,85944044.3682519,187736085.64005047,15,15,7,July,2024
15:14:40,2024-07-15,Coinbase,XRP,coinbasepro,5001244314.840386,190451573.12166741,160800178.9321298,351251752.0537972,15,15,7,July,2024
15:14:40,2024-07-15,Coinbase,XRP,coinbasepro,5001244314.840386,190451573.12166741,160800178.9321298,351251752.0537972,15,15,7,July,2024
15:14:51,2024-07-15,Coinbase,BTC,coinbasepro,42018.685678762326,1600.5622342577146,1351.1712977586478,2951.7335320163625,15,15,7,July,2024
15:14:52,2024-07-15,Coinbase,BTC,coinbasepro,42018.685678762326,1600.5622342577146,1351.1712977586478,2951.7335320163625,15,15,7,July,2024
15:14:54,2024-07-15,Coinbase,ETH,coinbasepro,786524.498507203,29960.03773781527,25291.826962214735,55251.864700030004,15,15,7,July,2024
15:14:54,2024-07-15,Coinbase,ETH,coinbasepro,786524.498507203,29960.03773781527,25291.826962214735,55251.864700030004,15,15,7,July,2024
15:14:56,2024-07-15,Coinbase,BNB,coinbasepro,4615648.051688208,175817.77818175088,148422.80445599198,324240.58263774286,15,15,7,July,2024
15:14:57,2024-07-15,Coinbase,BNB,coinbasepro,4615648.051688208,175817.77818175088,148422.80445599198,324240.58263774286,15,15,7,July,2024
15:14:59,2024-07-15,Coinbase,ADA,coinbasepro,6097406978.710114,232260461.72966126,196070894.82454878,428331356.55421,15,15,7,July,2024
15:15:00,2024-07-15,Coinbase,ADA,coinbasepro,6097406978.710114,232260461.72966126,196070894.82454878,428331356.55421,15,15,7,July,2024
15:15:02,2024-07-15,Coinbase,DOGE,coinbasepro,22026705086.50417,839034151.9989526,708300395.795614,1547334547.7945666,15,15,7,July,2024
15:15:02,2024-07-15,Coinbase,DOGE,coinbasepro,22026705086.50417,839034151.9989526,708300395.795614,1547334547.7945666,15,15,7,July,2024
15:15:04,2024-07-15,Coinbase,SOL,coinbasepro,17116842.822971683,652009.2608708332,550416.7100194431,1202425.9708902761,15,15,7,July,2024
15:15:05,2024-07-15,Coinbase,SOL,coinbasepro,17116842.822971683,652009.2608708332,550416.7100194431,1202425.9708902761,15,15,7,July,2024
15:15:07,2024-07-15,Coinbase,USDT,coinbasepro,2667595477.6177077,101585749.58909184,85820019.69294536,187405769.2820372,15,15,7,July,2024
15:15:07,2024-07-15,Coinbase,USDT,coinbasepro,2667595477.6177077,101585749.58909184,85820019.69294536,187405769.2820372,15,15,7,July,2024
15:15:10,2024-07-15,Coinbase,TONCOIN,coinbasepro,354350780.7858303,13494171.056158634,11399925.978435261,24894097.034593895,15,15,7,July,2024
15:15:10,2024-07-15,Coinbase,TONCOIN,coinbasepro,354350780.7858303,13494171.056158634,11399925.978435261,24894097.034593895,15,15,7,July,2024
15:15:12,2024-07-15,Coinbase,USDC,coinbasepro,2672050455.9512224,101755401.36621115,85963342.146264,187718743.51247513,15,15,7,July,2024
15:15:12,2024-07-15,Coinbase,USDC,coinbasepro,2672050455.9512224,101755401.36621115,85963342.146264,187718743.51247513,15,15,7,July,2024
15:15:15,2024-07-15,Coinbase,XRP,coinbasepro,4998920062.363358,190365835.42443192,160821766.94144326,351187602.3658752,15,15,7,July,2024
15:15:15,2024-07-15,Coinbase,XRP,coinbasepro,4998920062.363358,190365835.42443192,160821766.94144326,351187602.3658752,15,15,7,July,2024
15:15:25,2024-07-15,Coinbase,BTC,coinbasepro,42002.86517285436,1599.7603044121183,1349.2710666693579,2949.0313710814767,15,15,7,July,2024
15:15:25,2024-07-15,Coinbase,BTC,coinbasepro,42002.86517285436,1599.7603044121183,1349.2710666693579,2949.0313710814767,15,15,7,July,2024
15:15:28,2024-07-15,Coinbase,ETH,coinbasepro,786300.5866663747,29947.77762679338,25258.57764531124,55206.35527210463,15,15,7,July,2024
15:15:28,2024-07-15,Coinbase,ETH,coinbasepro,786300.5866663747,29947.77762679338,25258.57764531124,55206.35527210463,15,15,7,July,2024
15:15:31,2024-07-15,Coinbase,BNB,coinbasepro,4613891.4614989115,175728.9741687014,148213.46658457548,323942.44075327687,15,15,7,July,2024
15:15:32,2024-07-15,Coinbase,BNB,coinbasepro,4613891.4614989115,175728.9741687014,148213.46658457548,323942.44075327687,15,15,7,July,2024
15:15:34,2024-07-15,Coinbase,ADA,coinbasepro,6095040985.246225,232141416.5875395,195792892.16849786,427934308.7560374,15,15,7,July,2024
15:15:34,2024-07-15,Coinbase,ADA,coinbasepro,6095040985.246225,232141416.5875395,195792892.16849786,427934308.7560374,15,15,7,July,2024
15:15:36,2024-07-15,Coinbase,DOGE,coinbasepro,22020079546.786472,838677290.560469,707357845.6128362,1546035136.1733055,15,15,7,July,2024
15:15:37,2024-07-15,Coinbase,DOGE,coinbasepro,22020079546.786472,838677290.560469,707357845.6128362,1546035136.1733055,15,15,7,July,2024
15:15:39,2024-07-15,Coinbase,SOL,coinbasepro,17109454.758493066,651646.6541063869,549612.3223289691,1201258.976435356,15,15,7,July,2024
15:15:39,2024-07-15,Coinbase,SOL,coinbasepro,17109454.758493066,651646.6541063869,549612.3223289691,1201258.976435356,15,15,7,July,2024
15:15:42,2024-07-15,Coinbase,USDT,coinbasepro,2666841940.2239275,101571829.83957168,85667790.86418195,187239620.70375365,15,15,7,July,2024
15:15:42,2024-07-15,Coinbase,USDT,coinbasepro,2666841940.2239275,101571829.83957168,85667790.86418195,187239620.70375365,15,15,7,July,2024
15:15:44,2024-07-15,Coinbase,TONCOIN,coinbasepro,354279712.59217334,13517276.690765992,11407489.402283242,24924766.093049236,15,15,7,July,2024
15:15:45,2024-07-15,Coinbase,TONCOIN,coinbasepro,354279712.59217334,13517276.690765992,11407489.402283242,24924766.093049236,15,15,7,July,2024
15:15:47,2024-07-15,Coinbase,USDC,coinbasepro,2671044081.0376034,101911683.3770845,86005226.84329674,187916910.22038123,15,15,7,July,2024
15:15:47,2024-07-15,Coinbase,USDC,coinbasepro,2671044081.0376034,101911683.3770845,86005226.84329674,187916910.22038123,15,15,7,July,2024
15:15:50,2024-07-15,Coinbase,XRP,coinbasepro,4996347255.424599,190631881.7991939,160877906.18706235,351509787.98625624,15,15,7,July,2024
15:15:50,2024-07-15,Coinbase,XRP,coinbasepro,4996347255.424599,190631881.7991939,160877906.18706235,351509787.98625624,15,15,7,July,2024
15:16:01,2024-07-15,Coinbase,BTC,coinbasepro,42099.806025737365,1601.9482141685205,1352.2808056965052,2954.2290198650257,15,15,7,July,2024
15:16:02,2024-07-15,Coinbase,BTC,coinbasepro,42099.806025737365,1601.9482141685205,1352.2808056965052,2954.2290198650257,15,15,7,July,2024
15:16:04,2024-07-15,Coinbase,ETH,coinbasepro,788398.6636584927,29999.516637403554,25324.021195023583,55323.53783242714,15,15,7,July,2024
15:16:04,2024-07-15,Coinbase,ETH,coinbasepro,788398.6636584927,29999.516637403554,25324.021195023583,55323.53783242714,15,15,7,July,2024
15:16:07,2024-07-15,Coinbase,BNB,coinbasepro,4626979.776262279,176062.1411187938,148622.44106208562,324684.5821808794,15,15,7,July,2024
15:16:07,2024-07-15,Coinbase,BNB,coinbasepro,4626979.776262279,176062.1411187938,148622.44106208562,324684.5821808794,15,15,7,July,2024
15:16:09,2024-07-15,Coinbase,ADA,coinbasepro,6112359429.370849,232582622.02563792,196334071.677269,428916693.7029069,15,15,7,July,2024
15:16:10,2024-07-15,Coinbase,ADA,coinbasepro,6112359429.370849,232582622.02563792,196334071.677269,428916693.7029069,15,15,7,July,2024
15:16:12,2024-07-15,Coinbase,DOGE,coinbasepro,22070314071.990234,839801974.1979055,708916855.2700745,1548718829.46798,15,15,7,July,2024
15:16:13,2024-07-15,Coinbase,DOGE,coinbasepro,22070314071.990234,839801974.1979055,708916855.2700745,1548718829.46798,15,15,7,July,2024
15:16:15,2024-07-15,Coinbase,SOL,coinbasepro,17158041.722339943,652884.10780154,551130.5793256022,1204014.6871271422,15,15,7,July,2024
15:16:15,2024-07-15,Coinbase,SOL,coinbasepro,17158041.722339943,652884.10780154,551130.5793256022,1204014.6871271422,15,15,7,July,2024
15:16:17,2024-07-15,Coinbase,USDT,coinbasepro,2674436647.923691,101765528.54968083,85905130.84139954,187670659.39108035,15,15,7,July,2024
15:16:18,2024-07-15,Coinbase,USDT,coinbasepro,2674436647.923691,101765528.54968083,85905130.84139954,187670659.39108035,15,15,7,July,2024
15:23:08,2024-07-15,Coinbase,BTC,coinbasepro,42939.47244510439,1584.5262122475035,1330.4872576829716,2915.0134699304754,15,15,7,July,2024
15:23:08,2024-07-15,Coinbase,BTC,coinbasepro,42939.47244510439,1584.5262122475035,1330.4872576829716,2915.0134699304754,15,15,7,July,2024
15:23:10,2024-07-15,Coinbase,ETH,coinbasepro,800212.1399422176,29528.94013120726,24794.716725909115,54323.65685711638,15,15,7,July,2024
15:23:11,2024-07-15,Coinbase,ETH,coinbasepro,800212.1399422176,29528.94013120726,24794.716725909115,54323.65685711638,15,15,7,July,2024
15:23:13,2024-07-15,Coinbase,BNB,coinbasepro,4718387.445467459,174115.0545442979,146200.08154575032,320315.13609004824,15,15,7,July,2024
15:23:13,2024-07-15,Coinbase,BNB,coinbasepro,4718387.445467459,174115.0545442979,146200.08154575032,320315.13609004824,15,15,7,July,2024
15:23:16,2024-07-15,Coinbase,ADA,coinbasepro,6263784097.035462,231142338.8422028,194084474.06141996,425226812.9036228,15,15,7,July,2024
15:23:16,2024-07-15,Coinbase,ADA,coinbasepro,6263784097.035462,231142338.8422028,194084474.06141996,425226812.9036228,15,15,7,July,2024
15:23:18,2024-07-15,Coinbase,DOGE,coinbasepro,22462032202.326065,828880206.9106706,695990097.807238,1524870304.7179089,15,15,7,July,2024
15:23:19,2024-07-15,Coinbase,DOGE,coinbasepro,22462032202.326065,828880206.9106706,695990097.807238,1524870304.7179089,15,15,7,July,2024
15:23:22,2024-07-15,Coinbase,SOL,coinbasepro,17454336.53936998,644089.2770487292,540825.7492364635,1184915.0262851927,15,15,7,July,2024
15:23:22,2024-07-15,Coinbase,SOL,coinbasepro,17454336.53936998,644089.2770487292,540825.7492364635,1184915.0262851927,15,15,7,July,2024
15:23:24,2024-07-15,Coinbase,USDT,coinbasepro,2735166101.232107,100931430.580424,84749612.37560879,185681042.95603278,15,15,7,July,2024
15:23:25,2024-07-15,Coinbase,USDT,coinbasepro,2735166101.232107,100931430.580424,84749612.37560879,185681042.95603278,15,15,7,July,2024
15:23:27,2024-07-15,Coinbase,TONCOIN,coinbasepro,362624451.29022557,13381346.242802765,11235983.683375027,24617329.926177796,15,15,7,July,2024
15:23:27,2024-07-15,Coinbase,TONCOIN,coinbasepro,362624451.29022557,13381346.242802765,11235983.683375027,24617329.926177796,15,15,7,July,2024
15:23:30,2024-07-15,Coinbase,USDC,coinbasepro,2739823582.1839347,101103298.10070267,84893925.25852159,185997223.35922426,15,15,7,July,2024
15:23:30,2024-07-15,Coinbase,USDC,coinbasepro,2739823582.1839347,101103298.10070267,84893925.25852159,185997223.35922426,15,15,7,July,2024
15:23:32,2024-07-15,Coinbase,XRP,coinbasepro,5114372047.333272,188744703.12994644,158610527.33785883,347355230.46780527,15,15,7,July,2024
15:23:33,2024-07-15,Coinbase,XRP,coinbasepro,5114372047.333272,188744703.12994644,158610527.33785883,347355230.46780527,15,15,7,July,2024
15:23:44,2024-07-15,Coinbase,BTC,coinbasepro,42925.13142590504,1584.314286713446,1329.8490690319009,2914.163355745347,15,15,7,July,2024
15:23:44,2024-07-15,Coinbase,BTC,coinbasepro,42925.13142590504,1584.314286713446,1329.8490690319009,2914.163355745347,15,15,7,July,2024
15:23:47,2024-07-15,Coinbase,ETH,coinbasepro,799852.2593675617,29521.57208798432,24779.9540071085,54301.52609509282,15,15,7,July,2024
15:23:47,2024-07-15,Coinbase,ETH,coinbasepro,799852.2593675617,29521.57208798432,24779.9540071085,54301.52609509282,15,15,7,July,2024
15:23:49,2024-07-15,Coinbase,BNB,coinbasepro,4716476.071785331,174079.3836908809,146119.55991332684,320198.9436042077,15,15,7,July,2024
15:23:50,2024-07-15,Coinbase,BNB,coinbasepro,4716476.071785331,174079.3836908809,146119.55991332684,320198.9436042077,15,15,7,July,2024
15:23:52,2024-07-15,Coinbase,ADA,coinbasepro,6262078033.838622,231125668.43622187,194003334.8035306,425129003.2397525,15,15,7,July,2024
15:23:52,2024-07-15,Coinbase,ADA,coinbasepro,6262078033.838622,231125668.43622187,194003334.8035306,425129003.2397525,15,15,7,July,2024
15:23:55,2024-07-15,Coinbase,DOGE,coinbasepro,22455001203.174026,828786727.7882458,695670844.8685101,1524457572.656756,15,15,7,July,2024
15:23:55,2024-07-15,Coinbase,DOGE,coinbasepro,22455001203.174026,828786727.7882458,695670844.8685101,1524457572.656756,15,15,7,July,2024
15:23:57,2024-07-15,Coinbase,SOL,coinbasepro,17447224.35089311,643955.7873067568,540526.5933844888,1184482.3806912457,15,15,7,July,2024
15:23:58,2024-07-15,Coinbase,SOL,coinbasepro,17447224.35089311,643955.7873067568,540526.5933844888,1184482.3806912457,15,15,7,July,2024
15:24:00,2024-07-15,Coinbase,USDT,coinbasepro,2734058407.3680315,100910763.73241074,84702944.56740987,185613708.29982063,15,15,7,July,2024
15:24:00,2024-07-15,Coinbase,USDT,coinbasepro,2734058407.3680315,100910763.73241074,84702944.56740987,185613708.29982063,15,15,7,July,2024
15:24:02,2024-07-15,Coinbase,TONCOIN,coinbasepro,362483935.199873,13378840.277578985,11229992.961038614,24608833.2386176,15,15,7,July,2024
15:24:03,2024-07-15,Coinbase,TONCOIN,coinbasepro,362483935.199873,13378840.277578985,11229992.961038614,24608833.2386176,15,15,7,July,2024
15:24:05,2024-07-15,Coinbase,USDC,coinbasepro,2738765846.161695,101084509.56118019,84848784.14644727,185933293.70762745,15,15,7,July,2024
15:24:05,2024-07-15,Coinbase,USDC,coinbasepro,2738765846.161695,101084509.56118019,84848784.14644727,185933293.70762745,15,15,7,July,2024
15:24:08,2024-07-15,Coinbase,XRP,coinbasepro,5112798847.975285,188707174.3489369,158397902.63342103,347105076.9823579,15,15,7,July,2024
15:24:08,2024-07-15,Coinbase,XRP,coinbasepro,5112798847.975285,188707174.3489369,158397902.63342103,347105076.9823579,15,15,7,July,2024
15:24:18,2024-07-15,Coinbase,BTC,coinbasepro,43068.72072925113,1579.5829757072436,1335.4601223059742,2915.043098013218,15,15,7,July,2024
15:24:19,2024-07-15,Coinbase,BTC,coinbasepro,43068.72072925113,1579.5829757072436,1335.4601223059742,2915.043098013218,15,15,7,July,2024
15:24:21,2024-07-15,Coinbase,ETH,coinbasepro,803763.6520447393,29478.73444496959,24922.827678411708,54401.5621233813,15,15,7,July,2024
15:24:21,2024-07-15,Coinbase,ETH,coinbasepro,803763.6520447393,29478.73444496959,24922.827678411708,54401.5621233813,15,15,7,July,2024
15:24:23,2024-07-15,Coinbase,BNB,coinbasepro,4733600.422449643,173608.93275903165,146777.85854964558,320386.79130867723,15,15,7,July,2024
15:24:24,2024-07-15,Coinbase,BNB,coinbasepro,4733600.422449643,173608.93275903165,146777.85854964558,320386.79130867723,15,15,7,July,2024
15:24:26,2024-07-15,Coinbase,ADA,coinbasepro,6288317903.333529,230629555.22601664,194986005.01920834,425615560.245225,15,15,7,July,2024
15:24:27,2024-07-15,Coinbase,ADA,coinbasepro,6288317903.333529,230629555.22601664,194986005.01920834,425615560.245225,15,15,7,July,2024
15:24:29,2024-07-15,Coinbase,DOGE,coinbasepro,22542897114.967873,826780454.6546218,699002422.8381451,1525782877.492767,15,15,7,July,2024
15:24:29,2024-07-15,Coinbase,DOGE,coinbasepro,22542897114.967873,826780454.6546218,699002422.8381451,1525782877.492767,15,15,7,July,2024
15:24:32,2024-07-15,Coinbase,SOL,coinbasepro,17513763.062335532,642332.5677060711,543060.7588346436,1185393.3265407148,15,15,7,July,2024
15:24:32,2024-07-15,Coinbase,SOL,coinbasepro,17513763.062335532,642332.5677060711,543060.7588346436,1185393.3265407148,15,15,7,July,2024
15:24:34,2024-07-15,Coinbase,USDT,coinbasepro,2744341550.0795884,100651124.96103434,85095601.63530725,185746726.5963416,15,15,7,July,2024
15:24:35,2024-07-15,Coinbase,USDT,coinbasepro,2744341550.0795884,100651124.96103434,85095601.63530725,185746726.5963416,15,15,7,July,2024
15:24:37,2024-07-15,Coinbase,TONCOIN,coinbasepro,363856937.8121262,13344771.212827181,11282351.145908028,24627122.35873521,15,15,7,July,2024
15:24:37,2024-07-15,Coinbase,TONCOIN,coinbasepro,363856937.8121262,13344771.212827181,11282351.145908028,24627122.35873521,15,15,7,July,2024
15:24:39,2024-07-15,Coinbase,USDC,coinbasepro,2749075518.946783,100824747.40682642,85242390.9184652,186067138.32529163,15,15,7,July,2024
15:24:40,2024-07-15,Coinbase,USDC,coinbasepro,2749075518.946783,100824747.40682642,85242390.9184652,186067138.32529163,15,15,7,July,2024
15:24:42,2024-07-15,Coinbase,XRP,coinbasepro,5130247635.867297,188171230.87971944,159061647.43207312,347232878.31179255,15,15,7,July,2024
15:24:42,2024-07-15,Coinbase,XRP,coinbasepro,5130247635.867297,188171230.87971944,159061647.43207312,347232878.31179255,15,15,7,July,2024
15:24:53,2024-07-15,Coinbase,BTC,coinbasepro,43050.238985542834,1577.3117765285817,1336.319247884958,2913.6310244135398,15,15,7,July,2024
15:24:53,2024-07-15,Coinbase,BTC,coinbasepro,43050.238985542834,1577.3117765285817,1336.319247884958,2913.6310244135398,15,15,7,July,2024
15:24:55,2024-07-15,Coinbase,ETH,coinbasepro,803598.9902635637,29442.952717982767,24944.456141828698,54387.40885981147,15,15,7,July,2024
15:24:56,2024-07-15,Coinbase,ETH,coinbasepro,803598.9902635637,29442.952717982767,24944.456141828698,54387.40885981147,15,15,7,July,2024
15:24:58,2024-07-15,Coinbase,BNB,coinbasepro,4731952.301823324,173373.34861587983,146884.17741707704,320257.5260329569,15,15,7,July,2024
15:24:58,2024-07-15,Coinbase,BNB,coinbasepro,4731952.301823324,173373.34861587983,146884.17741707704,320257.5260329569,15,15,7,July,2024
15:25:00,2024-07-15,Coinbase,ADA,coinbasepro,6286776005.990872,230340320.1542457,195147343.70622662,425487663.8604723,15,15,7,July,2024
15:25:01,2024-07-15,Coinbase,ADA,coinbasepro,6286776005.990872,230340320.1542457,195147343.70622662,425487663.8604723,15,15,7,July,2024
15:25:03,2024-07-15,Coinbase,DOGE,coinbasepro,22535233447.37276,825665314.3156447,699514495.6435227,1525179809.9591675,15,15,7,July,2024
15:25:03,2024-07-15,Coinbase,DOGE,coinbasepro,22535233447.37276,825665314.3156447,699514495.6435227,1525179809.9591675,15,15,7,July,2024
15:25:06,2024-07-15,Coinbase,SOL,coinbasepro,17507900.43250028,641469.5524395666,543461.4276092733,1184930.98004884,15,15,7,July,2024
15:25:06,2024-07-15,Coinbase,SOL,coinbasepro,17507900.43250028,641469.5524395666,543461.4276092733,1184930.98004884,15,15,7,July,2024
15:25:08,2024-07-15,Coinbase,USDT,coinbasepro,2743522605.047555,100519546.83845331,85161479.94820012,185681026.78665346,15,15,7,July,2024
15:25:09,2024-07-15,Coinbase,USDT,coinbasepro,2743522605.047555,100519546.83845331,85161479.94820012,185681026.78665346,15,15,7,July,2024
15:25:11,2024-07-15,Coinbase,TONCOIN,coinbasepro,363735106.34211737,13326840.461047525,11290674.225982454,24617514.68702998,15,15,7,July,2024
15:25:11,2024-07-15,Coinbase,TONCOIN,coinbasepro,363735106.34211737,13326840.461047525,11290674.225982454,24617514.68702998,15,15,7,July,2024
15:25:13,2024-07-15,Coinbase,USDC,coinbasepro,2748146865.806013,100688974.49144508,85305021.2804757,185993995.7719208,15,15,7,July,2024
15:25:14,2024-07-15,Coinbase,USDC,coinbasepro,2748146865.806013,100688974.49144508,85305021.2804757,185993995.7719208,15,15,7,July,2024
15:25:16,2024-07-15,Coinbase,XRP,coinbasepro,5128782217.122014,187912745.2238676,159202145.13215244,347114890.3560201,15,15,7,July,2024
15:25:16,2024-07-15,Coinbase,XRP,coinbasepro,5128782217.122014,187912745.2238676,159202145.13215244,347114890.3560201,15,15,7,July,2024
15:25:26,2024-07-15,Coinbase,BTC,coinbasepro,43045.97984420833,1577.736081713779,1336.740828630102,2914.476910343881,15,15,7,July,2024
15:25:27,2024-07-15,Coinbase,BTC,coinbasepro,43045.97984420833,1577.736081713779,1336.740828630102,2914.476910343881,15,15,7,July,2024
15:25:29,2024-07-15,Coinbase,ETH,coinbasepro,803541.1860484028,29451.668354628575,24952.999438373263,54404.66779300184,15,15,7,July,2024
15:25:29,2024-07-15,Coinbase,ETH,coinbasepro,803541.1860484028,29451.668354628575,24952.999438373263,54404.66779300184,15,15,7,July,2024
15:25:31,2024-07-15,Coinbase,BNB,coinbasepro,4731898.926222399,173435.18948676565,146943.39667780773,320378.58616457344,15,15,7,July,2024
15:25:32,2024-07-15,Coinbase,BNB,coinbasepro,4731898.926222399,173435.18948676565,146943.39667780773,320378.58616457344,15,15,7,July,2024
15:25:34,2024-07-15,Coinbase,ADA,coinbasepro,6303562269.847611,230536696.59972757,195327387.02137932,425864083.62110686,15,15,7,July,2024
15:25:34,2024-07-15,Coinbase,ADA,coinbasepro,6303562269.847611,230536696.59972757,195327387.02137932,425864083.62110686,15,15,7,July,2024
15:25:37,2024-07-15,Coinbase,DOGE,coinbasepro,22589048259.915756,826136768.7415099,699962907.1667514,1526099675.908261,15,15,7,July,2024
15:25:37,2024-07-15,Coinbase,DOGE,coinbasepro,22589048259.915756,826136768.7415099,699962907.1667514,1526099675.908261,15,15,7,July,2024
15:25:39,2024-07-15,Coinbase,SOL,coinbasepro,17545562.568326596,641684.155931029,543681.293779653,1185365.4497106818,15,15,7,July,2024
15:25:40,2024-07-15,Coinbase,SOL,coinbasepro,17545562.568326596,641684.155931029,543681.293779653,1185365.4497106818,15,15,7,July,2024
15:25:42,2024-07-15,Coinbase,USDT,coinbasepro,2750909240.5082874,100607482.21462046,85241945.88379006,185849428.0984105,15,15,7,July,2024
15:25:42,2024-07-15,Coinbase,USDT,coinbasepro,2750909240.5082874,100607482.21462046,85241945.88379006,185849428.0984105,15,15,7,July,2024
15:25:44,2024-07-15,Coinbase,TONCOIN,coinbasepro,364669866.8582155,13336869.353554886,11299961.699366463,24636831.052921347,15,15,7,July,2024
15:25:45,2024-07-15,Coinbase,TONCOIN,coinbasepro,364669866.8582155,13336869.353554886,11299961.699366463,24636831.052921347,15,15,7,July,2024
15:25:47,2024-07-15,Coinbase,USDC,coinbasepro,2755516925.291154,100775996.52182354,85384723.41026276,186160719.9320863,15,15,7,July,2024
15:25:47,2024-07-15,Coinbase,USDC,coinbasepro,2755516925.291154,100775996.52182354,85384723.41026276,186160719.9320863,15,15,7,July,2024
15:25:49,2024-07-15,Coinbase,XRP,coinbasepro,5139657158.530868,187784650.44921494,159288200.13226873,347072850.58148366,15,15,7,July,2024
15:25:50,2024-07-15,Coinbase,XRP,coinbasepro,5139657158.530868,187784650.44921494,159288200.13226873,347072850.58148366,15,15,7,July,2024
15:26:00,2024-07-15,Coinbase,BTC,coinbasepro,43135.50973460747,1575.7313064380069,1337.550920754389,2913.282227192396,15,15,7,July,2024
15:26:01,2024-07-15,Coinbase,BTC,coinbasepro,43135.50973460747,1575.7313064380069,1337.550920754389,2913.282227192396,15,15,7,July,2024
15:26:03,2024-07-15,Coinbase,ETH,coinbasepro,805007.4610220176,29406.75712546114,24961.76531421139,54368.52243967253,15,15,7,July,2024
15:26:03,2024-07-15,Coinbase,ETH,coinbasepro,805007.4610220176,29406.75712546114,24961.76531421139,54368.52243967253,15,15,7,July,2024
15:26:05,2024-07-15,Coinbase,BNB,coinbasepro,4742592.392994887,173245.9255331619,147058.85849133102,320304.78402449295,15,15,7,July,2024
15:26:06,2024-07-15,Coinbase,BNB,coinbasepro,4742592.392994887,173245.9255331619,147058.85849133102,320304.78402449295,15,15,7,July,2024
15:26:08,2024-07-15,Coinbase,ADA,coinbasepro,6301892938.033158,230206854.01365644,195409831.7980277,425616685.81168413,15,15,7,July,2024
15:26:08,2024-07-15,Coinbase,ADA,coinbasepro,6301892938.033158,230206854.01365644,195409831.7980277,425616685.81168413,15,15,7,July,2024
15:26:10,2024-07-15,Coinbase,DOGE,coinbasepro,22581618350.02899,824901877.8982432,700213457.5906696,1525115335.4889128,15,15,7,July,2024
15:26:11,2024-07-15,Coinbase,DOGE,coinbasepro,22581618350.02899,824901877.8982432,700213457.5906696,1525115335.4889128,15,15,7,July,2024
15:26:13,2024-07-15,Coinbase,SOL,coinbasepro,17538689.414400846,640684.7201805942,543841.7285292011,1184526.4487097955,15,15,7,July,2024
15:26:13,2024-07-15,Coinbase,SOL,coinbasepro,17538689.414400846,640684.7201805942,543841.7285292011,1184526.4487097955,15,15,7,July,2024
15:26:15,2024-07-15,Coinbase,USDT,coinbasepro,2749937285.5535464,100454643.94063704,85270376.33121973,185725020.27185678,15,15,7,July,2024
15:26:16,2024-07-15,Coinbase,USDT,coinbasepro,2749937285.5535464,100454643.94063704,85270376.33121973,185725020.27185678,15,15,7,July,2024
15:26:18,2024-07-15,Coinbase,TONCOIN,coinbasepro,364497871.4848074,13315032.342548827,11302392.544265492,24617424.88681432,15,15,7,July,2024
15:26:19,2024-07-15,Coinbase,TONCOIN,coinbasepro,364497871.4848074,13315032.342548827,11302392.544265492,24617424.88681432,15,15,7,July,2024
15:26:21,2024-07-15,Coinbase,USDC,coinbasepro,2754584436.0102353,100624403.39184986,85414475.71500982,186038879.10685968,15,15,7,July,2024
15:26:21,2024-07-15,Coinbase,USDC,coinbasepro,2754584436.0102353,100624403.39184986,85414475.71500982,186038879.10685968,15,15,7,July,2024
15:26:23,2024-07-15,Coinbase,XRP,coinbasepro,5136184069.657075,187623748.60018492,159263395.14245132,346887143.74263626,15,15,7,July,2024
15:26:24,2024-07-15,Coinbase,XRP,coinbasepro,5136184069.657075,187623748.60018492,159263395.14245132,346887143.74263626,15,15,7,July,2024
15:26:34,2024-07-15,Coinbase,BTC,coinbasepro,43120.50197376111,1574.3039461039505,1335.3727499742065,2909.6766960781565,15,15,7,July,2024
15:26:35,2024-07-15,Coinbase,BTC,coinbasepro,43120.50197376111,1574.3039461039505,1335.3727499742065,2909.6766960781565,15,15,7,July,2024
15:26:37,2024-07-15,Coinbase,ETH,coinbasepro,804829.4534928043,29383.84588717004,24924.276652087894,54308.12253925793,15,15,7,July,2024
15:26:37,2024-07-15,Coinbase,ETH,coinbasepro,804829.4534928043,29383.84588717004,24924.276652087894,54308.12253925793,15,15,7,July,2024
15:26:39,2024-07-15,Coinbase,BNB,coinbasepro,4741024.327736987,173091.9856237506,146821.91543310878,319913.90105685935,15,15,7,July,2024
15:26:40,2024-07-15,Coinbase,BNB,coinbasepro,4741024.327736987,173091.9856237506,146821.91543310878,319913.90105685935,15,15,7,July,2024
15:26:42,2024-07-15,Coinbase,ADA,coinbasepro,6298020007.362244,229936974.20928225,195039573.0954504,424976547.3047326,15,15,7,July,2024
15:26:42,2024-07-15,Coinbase,ADA,coinbasepro,6298020007.362244,229936974.20928225,195039573.0954504,424976547.3047326,15,15,7,July,2024
15:26:45,2024-07-15,Coinbase,DOGE,coinbasepro,22583715619.709103,824518059.6327914,699381432.2958804,1523899491.9286718,15,15,7,July,2024
15:26:45,2024-07-15,Coinbase,DOGE,coinbasepro,22583715619.709103,824518059.6327914,699381432.2958804,1523899491.9286718,15,15,7,July,2024
15:26:47,2024-07-15,Coinbase,SOL,coinbasepro,17540057.067957707,640377.078026065,543187.420586983,1183564.4986130479,15,15,7,July,2024
15:26:48,2024-07-15,Coinbase,SOL,coinbasepro,17540057.067957707,640377.078026065,543187.420586983,1183564.4986130479,15,15,7,July,2024
15:26:50,2024-07-15,Coinbase,USDT,coinbasepro,2748954815.3617573,100362709.5092464,85130719.34037788,185493428.84962425,15,15,7,July,2024
15:26:51,2024-07-15,Coinbase,USDT,coinbasepro,2748954815.3617573,100362709.5092464,85130719.34037788,185493428.84962425,15,15,7,July,2024
15:26:53,2024-07-15,Coinbase,TONCOIN,coinbasepro,364519642.8681198,13308395.91220161,11288588.38917545,24596984.301377058,15,15,7,July,2024
15:26:53,2024-07-15,Coinbase,TONCOIN,coinbasepro,364519642.8681198,13308395.91220161,11288588.38917545,24596984.301377058,15,15,7,July,2024
15:26:55,2024-07-15,Coinbase,USDC,coinbasepro,2753621806.063509,100533098.57110538,85275248.55321716,185808347.1243225,15,15,7,July,2024
15:26:56,2024-07-15,Coinbase,USDC,coinbasepro,2753621806.063509,100533098.57110538,85275248.55321716,185808347.1243225,15,15,7,July,2024
15:26:58,2024-07-15,Coinbase,XRP,coinbasepro,5142140358.486327,186130249.6920943,158591616.9031935,344721866.5952878,15,15,7,July,2024
15:26:59,2024-07-15,Coinbase,XRP,coinbasepro,5142140358.486327,186130249.6920943,158591616.9031935,344721866.5952878,15,15,7,July,2024
15:27:09,2024-07-15,Coinbase,BTC,coinbasepro,43183.6518400885,1547.0957393469387,1328.4479692796363,2875.5437086265747,15,15,7,July,2024
15:27:10,2024-07-15,Coinbase,BTC,coinbasepro,43183.6518400885,1547.0957393469387,1328.4479692796363,2875.5437086265747,15,15,7,July,2024
15:27:12,2024-07-15,Coinbase,ETH,coinbasepro,806172.9650875876,28881.919576469496,24800.098943103974,53682.01851957347,15,15,7,July,2024
15:27:12,2024-07-15,Coinbase,ETH,coinbasepro,806172.9650875876,28881.919576469496,24800.098943103974,53682.01851957347,15,15,7,July,2024
15:27:14,2024-07-15,Coinbase,BNB,coinbasepro,4747783.3958283905,170093.89317578357,146054.88285529107,316148.77603107464,15,15,7,July,2024
15:27:15,2024-07-15,Coinbase,BNB,coinbasepro,4747783.3958283905,170093.89317578357,146054.88285529107,316148.77603107464,15,15,7,July,2024
15:27:17,2024-07-15,Coinbase,ADA,coinbasepro,6304940310.911776,225880532.93800318,193957314.76059672,419837847.6985999,15,15,7,July,2024
15:27:17,2024-07-15,Coinbase,ADA,coinbasepro,6304940310.911776,225880532.93800318,193957314.76059672,419837847.6985999,15,15,7,July,2024
15:27:19,2024-07-15,Coinbase,DOGE,coinbasepro,22619254454.077324,810356482.1866529,695830513.7650167,1506186995.9516695,15,15,7,July,2024
15:27:20,2024-07-15,Coinbase,DOGE,coinbasepro,22619254454.077324,810356482.1866529,695830513.7650167,1506186995.9516695,15,15,7,July,2024
15:27:22,2024-07-15,Coinbase,SOL,coinbasepro,17564940.999505263,629280.8557007684,540345.9227514365,1169626.7784522048,15,15,7,July,2024
15:27:22,2024-07-15,Coinbase,SOL,coinbasepro,17564940.999505263,629280.8557007684,540345.9227514365,1169626.7784522048,15,15,7,July,2024
15:27:24,2024-07-15,Coinbase,USDT,coinbasepro,2753026323.5170393,98629808.13191111,84690665.86569856,183320473.99760965,15,15,7,July,2024
15:27:25,2024-07-15,Coinbase,USDT,coinbasepro,2753026323.5170393,98629808.13191111,84690665.86569856,183320473.99760965,15,15,7,July,2024
15:27:27,2024-07-15,Coinbase,TONCOIN,coinbasepro,365079466.6566873,13079321.996183828,11230849.0699608,24310171.066144627,15,15,7,July,2024
15:27:27,2024-07-15,Coinbase,TONCOIN,coinbasepro,365079466.6566873,13079321.996183828,11230849.0699608,24310171.066144627,15,15,7,July,2024
15:27:29,2024-07-15,Coinbase,USDC,coinbasepro,2757766762.7820077,98799638.91455595,84836494.822878,183636133.73743394,15,15,7,July,2024
15:27:30,2024-07-15,Coinbase,USDC,coinbasepro,2757766762.7820077,98799638.91455595,84836494.822878,183636133.73743394,15,15,7,July,2024
15:27:32,2024-07-15,Coinbase,XRP,coinbasepro,5140273186.53976,184176330.05635175,158215891.28081545,342392221.3371672,15,15,7,July,2024
15:27:32,2024-07-15,Coinbase,XRP,coinbasepro,5140273186.53976,184176330.05635175,158215891.28081545,342392221.3371672,15,15,7,July,2024
15:27:42,2024-07-15,Coinbase,BTC,coinbasepro,43172.85211917458,1545.5504058275662,1328.6600478520338,2874.2104536796005,15,15,7,July,2024
15:27:43,2024-07-15,Coinbase,BTC,coinbasepro,43172.85211917458,1545.5504058275662,1328.6600478520338,2874.2104536796005,15,15,7,July,2024
15:27:45,2024-07-15,Coinbase,ETH,coinbasepro,805951.619675273,28852.364199336054,24803.450895674705,53655.81509501077,15,15,7,July,2024
15:27:45,2024-07-15,Coinbase,ETH,coinbasepro,805951.619675273,28852.364199336054,24803.450895674705,53655.81509501077,15,15,7,July,2024
15:27:48,2024-07-15,Coinbase,BNB,coinbasepro,4746688.399341621,169927.2997227153,146081.04228089415,316008.34200360946,15,15,7,July,2024
15:27:48,2024-07-15,Coinbase,BNB,coinbasepro,4746688.399341621,169927.2997227153,146081.04228089415,316008.34200360946,15,15,7,July,2024
15:27:50,2024-07-15,Coinbase,ADA,coinbasepro,6302798341.886939,225634676.81641123,193970885.30118003,419605562.1175913,15,15,7,July,2024
15:27:51,2024-07-15,Coinbase,ADA,coinbasepro,6302798341.886939,225634676.81641123,193970885.30118003,419605562.1175913,15,15,7,July,2024
15:27:53,2024-07-15,Coinbase,DOGE,coinbasepro,22609478676.095184,809399593.2195715,695814836.0633373,1505214429.282909,15,15,7,July,2024
15:27:53,2024-07-15,Coinbase,DOGE,coinbasepro,22609478676.095184,809399593.2195715,695814836.0633373,1505214429.282909,15,15,7,July,2024
15:27:56,2024-07-15,Coinbase,SOL,coinbasepro,17560742.25557303,628659.2380974503,540438.1573216522,1169097.3954191026,15,15,7,July,2024
15:27:56,2024-07-15,Coinbase,SOL,coinbasepro,17560742.25557303,628659.2380974503,540438.1573216522,1169097.3954191026,15,15,7,July,2024
15:27:58,2024-07-15,Coinbase,USDT,coinbasepro,2752347850.884218,98531649.61560254,84704494.78683144,183236144.402434,15,15,7,July,2024
15:27:59,2024-07-15,Coinbase,USDT,coinbasepro,2752347850.884218,98531649.61560254,84704494.78683144,183236144.402434,15,15,7,July,2024
15:28:00,2024-07-15,Coinbase,TONCOIN,coinbasepro,364931455.3269075,13064227.429839995,11230896.75796549,24295124.187805485,15,15,7,July,2024
15:28:01,2024-07-15,Coinbase,TONCOIN,coinbasepro,364931455.3269075,13064227.429839995,11230896.75796549,24295124.187805485,15,15,7,July,2024
15:28:03,2024-07-15,Coinbase,USDC,coinbasepro,2757073901.518356,98700838.10135256,84849940.69446735,183550778.79581994,15,15,7,July,2024
15:28:04,2024-07-15,Coinbase,USDC,coinbasepro,2757073901.518356,98700838.10135256,84849940.69446735,183550778.79581994,15,15,7,July,2024
15:28:06,2024-07-15,Coinbase,XRP,coinbasepro,5139415124.863246,183986573.5537277,158167348.47359028,342153922.027318,15,15,7,July,2024
15:28:06,2024-07-15,Coinbase,XRP,coinbasepro,5139415124.863246,183986573.5537277,158167348.47359028,342153922.027318,15,15,7,July,2024
15:28:17,2024-07-15,Coinbase,BTC,coinbasepro,43273.23525200742,1527.2551411293377,1317.3654694309714,2844.620610560309,15,15,7,July,2024
15:28:17,2024-07-15,Coinbase,BTC,coinbasepro,43273.23525200742,1527.2551411293377,1317.3654694309714,2844.620610560309,15,15,7,July,2024
15:28:19,2024-07-15,Coinbase,ETH,coinbasepro,807477.8033481848,28498.553882775177,24582.01632644337,53080.570209218546,15,15,7,July,2024
15:28:20,2024-07-15,Coinbase,ETH,coinbasepro,807477.8033481848,28498.553882775177,24582.01632644337,53080.570209218546,15,15,7,July,2024
15:28:22,2024-07-15,Coinbase,BNB,coinbasepro,4756724.616703371,167880.4943399672,144808.78818383705,312689.2825238043,15,15,7,July,2024
15:28:22,2024-07-15,Coinbase,BNB,coinbasepro,4756724.616703371,167880.4943399672,144808.78818383705,312689.2825238043,15,15,7,July,2024
15:28:24,2024-07-15,Coinbase,ADA,coinbasepro,6313997384.238185,222841784.53487876,192216784.33869818,415058568.87357694,15,15,7,July,2024
15:28:25,2024-07-15,Coinbase,ADA,coinbasepro,6313997384.238185,222841784.53487876,192216784.33869818,415058568.87357694,15,15,7,July,2024
15:28:27,2024-07-15,Coinbase,DOGE,coinbasepro,22640687420.793163,799064503.9766151,689249593.6261077,1488314097.602723,15,15,7,July,2024
15:28:27,2024-07-15,Coinbase,DOGE,coinbasepro,22640687420.793163,799064503.9766151,689249593.6261077,1488314097.602723,15,15,7,July,2024
15:28:30,2024-07-15,Coinbase,SOL,coinbasepro,17596709.417008635,621045.8905505284,535695.9614084461,1156741.8519589745,15,15,7,July,2024
15:28:30,2024-07-15,Coinbase,SOL,coinbasepro,17596709.417008635,621045.8905505284,535695.9614084461,1156741.8519589745,15,15,7,July,2024
15:28:33,2024-07-15,Coinbase,USDT,coinbasepro,2757976565.0482497,97338085.85270436,83960976.59755774,181299062.4502621,15,15,7,July,2024
15:28:33,2024-07-15,Coinbase,USDT,coinbasepro,2757976565.0482497,97338085.85270436,83960976.59755774,181299062.4502621,15,15,7,July,2024
15:28:35,2024-07-15,Coinbase,TONCOIN,coinbasepro,365557292.5557909,12901722.073282097,11128646.876231298,24030368.949513394,15,15,7,July,2024
15:28:36,2024-07-15,Coinbase,TONCOIN,coinbasepro,365557292.5557909,12901722.073282097,11128646.876231298,24030368.949513394,15,15,7,July,2024
15:33:09,2024-07-15,Coinbase,BTC,coinbasepro,44047.6298962023,1457.5845754855984,1278.17938517381,2735.7639606594084,15,15,7,July,2024
15:33:11,2024-07-15,Coinbase,ETH,coinbasepro,824383.8906570998,27279.770696679305,23922.0701996984,51201.840896377704,15,15,7,July,2024
15:33:18,2024-07-15,Coinbase,BNB,coinbasepro,4817516.707703624,159416.93257594277,139795.2752061258,299212.2077820686,15,15,7,July,2024
15:33:26,2024-07-15,Coinbase,ADA,coinbasepro,6399797487.090764,210755594.99453315,185412419.56515393,396168014.5596871,15,15,7,July,2024
15:33:33,2024-07-15,Coinbase,DOGE,coinbasepro,23054341519.00195,759216439.8710005,667921328.939219,1427137768.8102195,15,15,7,July,2024
15:33:40,2024-07-15,Coinbase,SOL,coinbasepro,17926616.056136195,590352.2167335032,519362.8805111923,1109715.0972446955,15,15,7,July,2024
15:33:48,2024-07-15,Coinbase,USDT,coinbasepro,2789877750.399939,91875148.61737216,80827242.58635671,172702391.20372888,15,15,7,July,2024
15:33:55,2024-07-15,Coinbase,TONCOIN,coinbasepro,370438017.6963449,12199118.016729414,10732184.775931258,22931302.792660672,15,15,7,July,2024
15:34:02,2024-07-15,Coinbase,USDC,coinbasepro,2794771642.049101,92036312.31801088,80969026.49336176,173005338.81137264,15,15,7,July,2024
15:34:09,2024-07-15,Coinbase,XRP,coinbasepro,5233022855.429541,172331835.14645833,151609083.1345991,323940918.2810574,15,15,7,July,2024
15:34:25,2024-07-15,Coinbase,BTC,coinbasepro,44027.10600663395,1438.7819243349534,1270.2135800976257,2708.995504432579,15,15,7,July,2024
15:34:27,2024-07-15,Coinbase,ETH,coinbasepro,823579.939102971,26914.145332370677,23760.871831706154,50675.017164076824,15,15,7,July,2024
15:34:34,2024-07-15,Coinbase,BNB,coinbasepro,4819973.539675798,157514.11877068097,139059.6930192256,296573.8117899066,15,15,7,July,2024
15:34:41,2024-07-15,Coinbase,ADA,coinbasepro,6398258203.789685,209091604.82756513,184594337.36571538,393685942.19328046,15,15,7,July,2024
15:34:48,2024-07-15,Coinbase,DOGE,coinbasepro,23047146812.161133,753168246.7576883,664926712.6233481,1418094959.3810363,15,15,7,July,2024
15:34:55,2024-07-15,Coinbase,SOL,coinbasepro,17933156.970192295,586045.834833801,517384.4384440881,1103430.273277889,15,15,7,July,2024
15:35:02,2024-07-15,Coinbase,USDT,coinbasepro,2789797756.6457343,90942637.70409621,80520216.58367294,171462854.28776914,15,15,7,July,2024
15:35:09,2024-07-15,Coinbase,TONCOIN,coinbasepro,370249551.0696367,12069502.422826003,10686285.043823197,22755787.4666492,15,15,7,July,2024
15:35:17,2024-07-15,Coinbase,USDC,coinbasepro,2794691753.777055,91102173.6442834,80661469.0124682,171763642.6567516,15,15,7,July,2024
15:35:24,2024-07-15,Coinbase,XRP,coinbasepro,5230564257.4191265,170507453.13609758,150966558.72595882,321474011.8620564,15,15,7,July,2024
