Time,Date,Name,Rank,Age,Exchanges,Markets,Pairs,All_Time_High,Circulating_Supply,Total_Supply,Max_Supply,Code,Rate,Volume,Cap,Delta_Hour_Change,Delta_Day_Change,Delta_Week_Change,Delta_Month_Change,Delta_Quarter_Change,Delta_Year_Change,Hour,Day,Month_Number,Month_Name,Year
15:46:51,2024-07-06,Dogecoin,9,3855,120,312,152,0.7371712183910056,132670764299.0,132670764299.0,,DOGE,0.11280263653006893,863627502.0,14965612003.0,0.9987,1.0785,0.9207,0.7067,0.5681,1.7307,15,6,7,July,2024
15:48:46,2024-07-06,Dogecoin,9,3855,120,312,152,0.7371712183910056,132670764299.0,132670764299.0,,DOGE,0.11287332135544802,864597184.0,14974989813.0,0.9994,1.0792,0.9212,0.7071,0.5684,1.7318,15,6,7,July,2024
17:36:13,2024-07-06,Dogecoin,9,3855,120,310,151,0.7371712183910056,132670764299.0,132670764299.0,0.0,DOGE,0.11343242471349792,859707354.0,15049166483.0,1.001,1.0778,0.9284,0.7066,0.5689,1.739,17,6,7,July,2024
18:09:09,2024-07-06,Dogecoin,9,3855,121,311,152,0.7371712183910056,132670764299.0,132670764299.0,0.0,DOGE,0.1131074923828032,849223904.0,15006057462.0,0.9965,1.0819,0.9267,0.7057,0.575,1.7346,18,6,7,July,2024
18:11:23,2024-07-06,Dogecoin,9,3855,121,311,152,0.7371712183910056,132670764299.0,132670764299.0,0.0,DOGE,0.11309701856080007,848752676.0,15004667892.0,0.9959,1.0834,0.9258,0.7045,0.5735,1.7328,18,6,7,July,2024
00:54:06,2024-07-07,Dogecoin,9,3856,120,305,150,0.7371712183910056,132670764299.0,132670764299.0,0.0,DOGE,0.11031740395591084,720255205.0,14635894298.0,0.986,1.0383,0.914,0.6833,0.5547,1.6937,0,7,7,July,2024
01:04:11,2024-07-07,Dogecoin,9,3856,120,305,150,0.7371712183910056,132670764299.0,132670764299.0,0.0,DOGE,0.11030719854998984,721304040.0,14634540339.0,0.9847,1.0405,0.9143,0.6826,0.5547,1.695,1,7,7,July,2024
01:05:24,2024-07-07,Dogecoin,9,3856,120,305,150,0.7371712183910056,132670764299.0,132670764299.0,0.0,DOGE,0.11031488084494234,720730871.0,14635559555.0,0.9848,1.0406,0.9144,0.6827,0.5548,1.6951,1,7,7,July,2024
01:05:44,2024-07-07,Dogecoin,9,3856,120,305,150,0.7371712183910056,132670764299.0,132670764299.0,0.0,DOGE,0.11029779617988478,720358073.0,14633292919.0,0.9846,1.0404,0.9142,0.6826,0.5547,1.6949,1,7,7,July,2024
01:06:07,2024-07-07,Dogecoin,9,3856,120,305,150,0.7371712183910056,132670764299.0,132670764299.0,0.0,DOGE,0.11027835130692565,720060762.0,14630713153.0,0.9841,1.0401,0.9144,0.682,0.5532,1.6946,1,7,7,July,2024
01:06:30,2024-07-07,Dogecoin,9,3856,120,305,150,0.7371712183910056,132670764299.0,132670764299.0,0.0,DOGE,0.11021622593261793,719543591.0,14622470932.0,0.9836,1.0395,0.9139,0.6817,0.5529,1.6936,1,7,7,July,2024
01:06:52,2024-07-07,Dogecoin,9,3856,120,305,150,0.7371712183910056,132670764299.0,132670764299.0,0.0,DOGE,0.11012976052912643,719192388.0,14610999501.0,0.9828,1.0387,0.9132,0.6811,0.5524,1.6923,1,7,7,July,2024
01:07:16,2024-07-07,Dogecoin,9,3856,120,305,150,0.7371712183910056,132670764299.0,132670764299.0,0.0,DOGE,0.10998316075856969,718347336.0,14591549997.0,0.9815,1.0373,0.912,0.6802,0.5517,1.6901,1,7,7,July,2024
01:07:37,2024-07-07,Dogecoin,9,3856,120,305,150,0.7371712183910056,132670764299.0,132670764299.0,0.0,DOGE,0.10986556773383446,717811882.0,14575948841.0,0.9804,1.0362,0.911,0.6795,0.5511,1.6882,1,7,7,July,2024
01:08:00,2024-07-07,Dogecoin,9,3856,120,305,150,0.7371712183910056,132670764299.0,132670764299.0,0.0,DOGE,0.10985092085388398,717649302.0,14574005628.0,0.9803,1.0361,0.9109,0.6794,0.551,1.688,1,7,7,July,2024
01:08:21,2024-07-07,Dogecoin,9,3856,120,305,150,0.7371712183910056,132670764299.0,132670764299.0,0.0,DOGE,0.109832589193851,717530887.0,14571573553.0,0.9801,1.0359,0.9107,0.6793,0.5509,1.6877,1,7,7,July,2024
01:08:45,2024-07-07,Dogecoin,9,3856,120,305,150,0.7371712183910056,132670764299.0,132670764299.0,0.0,DOGE,0.10987330318110948,717801190.0,14576975109.0,0.9805,1.0363,0.9111,0.6795,0.5511,1.6884,1,7,7,July,2024
01:09:08,2024-07-07,Dogecoin,9,3856,120,305,150,0.7371712183910056,132670764299.0,132670764299.0,0.0,DOGE,0.10990414410842345,717912766.0,14581066798.0,0.9808,1.0366,0.9113,0.6797,0.5513,1.6888,1,7,7,July,2024
01:09:31,2024-07-07,Dogecoin,9,3856,120,305,150,0.7371712183910056,132670764299.0,132670764299.0,0.0,DOGE,0.1100000093883894,718475225.0,14593785318.0,0.9816,1.0375,0.9121,0.6803,0.5518,1.6903,1,7,7,July,2024
01:10:05,2024-07-07,Dogecoin,9,3856,120,305,150,0.7371712183910056,132670764299.0,132670764299.0,0.0,DOGE,0.11001570466324476,718453556.0,14595867622.0,0.9818,1.0376,0.9123,0.6804,0.5519,1.6906,1,7,7,July,2024
01:11:21,2024-07-07,Dogecoin,9,3856,120,305,150,0.7371712183910056,132670764299.0,132670764299.0,0.0,DOGE,0.11015766954719662,719869684.0,14614702212.0,0.9866,1.0346,0.9142,0.6812,0.5507,1.6997,1,7,7,July,2024
01:11:45,2024-07-07,Dogecoin,9,3856,120,305,150,0.7371712183910056,132670764299.0,132670764299.0,0.0,DOGE,0.11021000611656406,721303292.0,14621645744.0,0.9871,1.0351,0.9146,0.6815,0.5509,1.7005,1,7,7,July,2024
01:12:03,2024-07-07,Dogecoin,9,3856,120,305,150,0.7371712183910056,132670764299.0,132670764299.0,0.0,DOGE,0.11022570526610795,721260565.0,14623728563.0,0.9872,1.0353,0.9147,0.6816,0.551,1.7008,1,7,7,July,2024
01:12:26,2024-07-07,Dogecoin,9,3856,120,305,150,0.7371712183910056,132670764299.0,132670764299.0,0.0,DOGE,0.11025213400847425,721432862.0,14627234884.0,0.9875,1.0355,0.9149,0.6818,0.5511,1.7012,1,7,7,July,2024
01:12:50,2024-07-07,Dogecoin,9,3856,120,305,150,0.7371712183910056,132670764299.0,132670764299.0,0.0,DOGE,0.11026114700008027,721364970.0,14628430644.0,0.9875,1.0356,0.915,0.6818,0.5512,1.7013,1,7,7,July,2024
01:13:18,2024-07-07,Dogecoin,9,3856,120,305,150,0.7371712183910056,132670764299.0,132670764299.0,0.0,DOGE,0.11034227290129206,721968621.0,14639193680.0,0.9883,1.0364,0.9157,0.6823,0.5516,1.7026,1,7,7,July,2024
01:14:00,2024-07-07,Dogecoin,9,3856,120,305,150,0.7371712183910056,132670764299.0,132670764299.0,0.0,DOGE,0.11038216913253027,722149268.0,14644486743.0,0.9886,1.0367,0.916,0.6826,0.5518,1.7032,1,7,7,July,2024
01:14:23,2024-07-07,Dogecoin,9,3856,120,305,150,0.7371712183910056,132670764299.0,132670764299.0,0.0,DOGE,0.11038312526667138,722236500.0,14644613594.0,0.9886,1.0367,0.916,0.6826,0.5518,1.7032,1,7,7,July,2024
01:14:44,2024-07-07,Dogecoin,9,3856,120,305,150,0.7371712183910056,132670764299.0,132670764299.0,0.0,DOGE,0.110390149347965,722239008.0,14645545485.0,0.9887,1.0368,0.9161,0.6826,0.5518,1.7033,1,7,7,July,2024
01:15:07,2024-07-07,Dogecoin,9,3856,120,305,150,0.7371712183910056,132670764299.0,132670764299.0,0.0,DOGE,0.11040259972239885,722239600.0,14647197285.0,0.9888,1.0369,0.9162,0.6827,0.5519,1.7035,1,7,7,July,2024
01:16:39,2024-07-07,Dogecoin,9,3856,120,305,150,0.7371712183910056,132670764299.0,132670764299.0,0.0,DOGE,0.11059194412288365,723792855.0,14672317752.0,0.9923,1.0393,0.9177,0.684,0.5508,1.7068,1,7,7,July,2024
01:17:01,2024-07-07,Dogecoin,9,3856,120,305,150,0.7371712183910056,132670764299.0,132670764299.0,0.0,DOGE,0.11059692694192512,723656696.0,14672978826.0,0.9923,1.0394,0.9178,0.684,0.5508,1.7069,1,7,7,July,2024
01:17:24,2024-07-07,Dogecoin,9,3856,120,305,150,0.7371712183910056,132670764299.0,132670764299.0,0.0,DOGE,0.11066848745249049,724314138.0,14682472814.0,0.9929,1.0401,0.9183,0.6845,0.5512,1.708,1,7,7,July,2024
01:17:48,2024-07-07,Dogecoin,9,3856,120,305,150,0.7371712183910056,132670764299.0,132670764299.0,0.0,DOGE,0.11069459515839004,724441354.0,14685936543.0,0.9932,1.0403,0.9186,0.6846,0.5513,1.7084,1,7,7,July,2024
01:18:28,2024-07-07,Dogecoin,9,3856,120,305,150,0.7371712183910056,132670764299.0,132670764299.0,0.0,DOGE,0.11072236170212126,724924179.0,14689620352.0,0.9934,1.0406,0.9188,0.6848,0.5515,1.7089,1,7,7,July,2024
01:20:05,2024-07-07,Dogecoin,9,3856,120,305,150,0.7371712183910056,132670764299.0,132670764299.0,0.0,DOGE,0.11072316620657474,724749007.0,14689727086.0,0.9934,1.0406,0.9188,0.6848,0.5515,1.7089,1,7,7,July,2024
01:30:10,2024-07-07,Dogecoin,9,3856,120,305,150,0.7371712183910056,132670764299.0,132670764299.0,0.0,DOGE,0.11072316620657474,724749007.0,14689727086.0,0.9934,1.0406,0.9188,0.6848,0.5515,1.7089,1,7,7,July,2024
01:30:43,2024-07-07,Dogecoin,9,3856,120,304,149,0.7371712183910056,132670764299.0,132670764299.0,0.0,DOGE,0.11087612362632515,725261037.0,14710020064.0,0.9929,1.0369,0.9193,0.6844,0.5518,1.7075,1,7,7,July,2024
01:31:03,2024-07-07,Dogecoin,9,3856,120,304,149,0.7371712183910056,132670764299.0,132670764299.0,0.0,DOGE,0.11087612362632515,725261037.0,14710020064.0,0.9929,1.0369,0.9193,0.6844,0.5518,1.7075,1,7,7,July,2024
01:31:25,2024-07-07,Dogecoin,9,3856,120,304,149,0.7371712183910056,132670764299.0,132670764299.0,0.0,DOGE,0.11087786540412778,725182954.0,14710251147.0,0.992,1.0376,0.9181,0.6841,0.5535,1.7077,1,7,7,July,2024
01:31:59,2024-07-07,Dogecoin,9,3856,120,304,149,0.7371712183910056,132670764299.0,132670764299.0,0.0,DOGE,0.11093451990603413,725889025.0,14717767543.0,0.9925,1.0381,0.9185,0.6845,0.5537,1.7086,1,7,7,July,2024
01:32:42,2024-07-07,Dogecoin,9,3856,120,304,149,0.7371712183910056,132670764299.0,132670764299.0,0.0,DOGE,0.11104271207385008,726743423.0,14732121480.0,0.9935,1.0391,0.9194,0.6851,0.5543,1.7102,1,7,7,July,2024
01:44:43,2024-07-07,Dogecoin,9,3856,120,303,149,0.7371712183910056,132670764299.0,132670764299.0,0.0,DOGE,0.11062282455650921,724234036.0,14676414682.0,0.9969,1.0345,0.915,0.6835,0.5511,1.7028,1,7,7,July,2024
01:44:51,2024-07-07,Dogecoin,9,3856,120,303,149,0.7371712183910056,132670764299.0,132670764299.0,0.0,DOGE,0.1106544275132119,724428613.0,14680607471.0,0.9972,1.0348,0.9153,0.6837,0.5512,1.7033,1,7,7,July,2024
01:45:00,2024-07-07,Dogecoin,9,3856,120,303,149,0.7371712183910056,132670764299.0,132670764299.0,0.0,DOGE,0.1106709282779532,724436255.0,14682796640.0,0.9974,1.035,0.9154,0.6838,0.5513,1.7035,1,7,7,July,2024
01:46:38,2024-07-07,Dogecoin,9,3856,120,303,149,0.7371712183910056,132670764299.0,132670764299.0,0.0,DOGE,0.11066665866125577,724968059.0,14682230187.0,0.9982,1.0366,0.916,0.6831,0.5495,1.7036,1,7,7,July,2024
01:47:01,2024-07-07,Dogecoin,9,3856,120,303,149,0.7371712183910056,132670764299.0,132670764299.0,0.0,DOGE,0.11067770459073319,724942428.0,14683695658.0,0.9983,1.0367,0.9161,0.6832,0.5496,1.7038,1,7,7,July,2024
01:47:24,2024-07-07,Dogecoin,9,3856,120,303,149,0.7371712183910056,132670764299.0,132670764299.0,0.0,DOGE,0.11069800320529867,725073542.0,14686388691.0,0.9984,1.0369,0.9162,0.6833,0.5497,1.7041,1,7,7,July,2024
01:47:44,2024-07-07,Dogecoin,9,3856,120,303,149,0.7371712183910056,132670764299.0,132670764299.0,0.0,DOGE,0.1107025826316982,725069608.0,14686996247.0,0.9985,1.0369,0.9163,0.6833,0.5497,1.7041,1,7,7,July,2024
01:48:16,2024-07-07,Dogecoin,9,3856,120,303,149,0.7371712183910056,132670764299.0,132670764299.0,0.0,DOGE,0.11072073883514662,725142684.0,14689405045.0,0.9986,1.0371,0.9164,0.6834,0.5498,1.7044,1,7,7,July,2024
01:49:55,2024-07-07,Dogecoin,9,3856,120,303,149,0.7371712183910056,132670764299.0,132670764299.0,0.0,DOGE,0.11071785724618156,724833241.0,14689022742.0,0.9986,1.0371,0.9164,0.6834,0.5498,1.7044,1,7,7,July,2024
01:50:19,2024-07-07,Dogecoin,9,3856,120,303,149,0.7371712183910056,132670764299.0,132670764299.0,0.0,DOGE,0.11077309109224434,725370926.0,14696350658.0,0.9991,1.0376,0.9169,0.6838,0.5501,1.7052,1,7,7,July,2024
01:50:40,2024-07-07,Dogecoin,9,3856,120,303,149,0.7371712183910056,132670764299.0,132670764299.0,0.0,DOGE,0.11079003445207201,725388914.0,14698598547.0,0.9993,1.0377,0.917,0.6839,0.5502,1.7055,1,7,7,July,2024
01:51:03,2024-07-07,Dogecoin,9,3856,120,303,149,0.7371712183910056,132670764299.0,132670764299.0,0.0,DOGE,0.1108079617306408,725344406.0,14700976973.0,0.9994,1.0379,0.9171,0.684,0.5502,1.7058,1,7,7,July,2024
01:51:25,2024-07-07,Dogecoin,9,3856,120,303,149,0.7371712183910056,132670764299.0,132670764299.0,0.0,DOGE,0.11093939911368635,727040548.0,14718414871.0,1.0015,1.0353,0.9184,0.6844,0.5499,1.7063,1,7,7,July,2024
01:51:47,2024-07-07,Dogecoin,9,3856,120,303,149,0.7371712183910056,132670764299.0,132670764299.0,0.0,DOGE,0.1109529209602868,727038073.0,14720208825.0,1.0017,1.0354,0.9185,0.6845,0.55,1.7065,1,7,7,July,2024
01:52:08,2024-07-07,Dogecoin,9,3856,120,303,149,0.7371712183910056,132670764299.0,132670764299.0,0.0,DOGE,0.11096482541298959,727094327.0,14721788197.0,1.0018,1.0355,0.9186,0.6846,0.55,1.7067,1,7,7,July,2024
01:52:37,2024-07-07,Dogecoin,9,3856,120,303,149,0.7371712183910056,132670764299.0,132670764299.0,0.0,DOGE,0.11093392670840835,726966398.0,14717688843.0,1.0015,1.0352,0.9183,0.6844,0.5499,1.7062,1,7,7,July,2024
01:53:09,2024-07-07,Dogecoin,9,3856,120,303,149,0.7371712183910056,132670764299.0,132670764299.0,0.0,DOGE,0.11091261354396577,726759463.0,14714861209.0,1.0013,1.035,0.9181,0.6843,0.5498,1.7058,1,7,7,July,2024
01:53:58,2024-07-07,Dogecoin,9,3856,120,303,149,0.7371712183910056,132670764299.0,132670764299.0,0.0,DOGE,0.11092086520059545,726955938.0,14715955962.0,1.0014,1.0351,0.9182,0.6843,0.5498,1.706,1,7,7,July,2024
01:55:19,2024-07-07,Dogecoin,9,3856,120,303,149,0.7371712183910056,132670764299.0,132670764299.0,0.0,DOGE,0.11090630689692943,726550101.0,14714024501.0,1.0012,1.035,0.9181,0.6842,0.5497,1.7058,1,7,7,July,2024
01:55:51,2024-07-07,Dogecoin,9,3856,120,303,149,0.7371712183910056,132670764299.0,132670764299.0,0.0,DOGE,0.11089719177156031,726424358.0,14712815190.0,1.0051,1.0352,0.918,0.685,0.5495,1.705,1,7,7,July,2024
01:56:13,2024-07-07,Dogecoin,9,3856,120,303,149,0.7371712183910056,132670764299.0,132670764299.0,0.0,DOGE,0.11087789545562861,726262908.0,14710255133.0,1.005,1.035,0.9179,0.6849,0.5494,1.7047,1,7,7,July,2024
01:56:36,2024-07-07,Dogecoin,9,3856,120,302,149,0.7371712183910056,132670764299.0,132670764299.0,0.0,DOGE,0.11082370922041598,726218342.0,14703066204.0,1.0045,1.0345,0.9174,0.6845,0.5491,1.7039,1,7,7,July,2024
01:56:58,2024-07-07,Dogecoin,9,3856,120,302,149,0.7371712183910056,132670764299.0,132670764299.0,0.0,DOGE,0.11080807306402447,726007255.0,14700991743.0,1.0043,1.0344,0.9173,0.6844,0.549,1.7037,1,7,7,July,2024
01:57:22,2024-07-07,Dogecoin,9,3856,120,302,149,0.7371712183910056,132670764299.0,132670764299.0,0.0,DOGE,0.11080156367801401,726233917.0,14700128138.0,1.0043,1.0343,0.9172,0.6844,0.549,1.7036,1,7,7,July,2024
01:57:46,2024-07-07,Dogecoin,9,3856,120,302,149,0.7371712183910056,132670764299.0,132670764299.0,0.0,DOGE,0.11080113390604496,726173138.0,14700071120.0,1.0043,1.0343,0.9172,0.6844,0.549,1.7036,1,7,7,July,2024
01:58:10,2024-07-07,Dogecoin,9,3856,120,302,149,0.7371712183910056,132670764299.0,132670764299.0,0.0,DOGE,0.11079872927341779,726064630.0,14699752096.0,1.0042,1.0343,0.9172,0.6844,0.549,1.7035,1,7,7,July,2024
01:58:29,2024-07-07,Dogecoin,9,3856,120,302,149,0.7371712183910056,132670764299.0,132670764299.0,0.0,DOGE,0.11080350954148925,726121508.0,14700386297.0,1.0043,1.0343,0.9173,0.6844,0.549,1.7036,1,7,7,July,2024
01:58:52,2024-07-07,Dogecoin,9,3856,120,302,149,0.7371712183910056,132670764299.0,132670764299.0,0.0,DOGE,0.11080749526414872,726094928.0,14700915086.0,1.0043,1.0344,0.9173,0.6844,0.549,1.7037,1,7,7,July,2024
01:59:11,2024-07-07,Dogecoin,9,3856,120,302,149,0.7371712183910056,132670764299.0,132670764299.0,0.0,DOGE,0.11080745280874087,726030692.0,14700909454.0,1.0043,1.0344,0.9173,0.6844,0.549,1.7037,1,7,7,July,2024
01:59:31,2024-07-07,Dogecoin,9,3856,120,302,149,0.7371712183910056,132670764299.0,132670764299.0,0.0,DOGE,0.11079355786880007,725930350.0,14699066001.0,1.0042,1.0342,0.9172,0.6843,0.5489,1.7034,1,7,7,July,2024
02:00:03,2024-07-07,Dogecoin,9,3856,120,302,149,0.7371712183910056,132670764299.0,132670764299.0,0.0,DOGE,0.11079792542476831,725853864.0,14699645448.0,1.0042,1.0343,0.9172,0.6844,0.549,1.7035,2,7,7,July,2024
02:00:28,2024-07-07,Dogecoin,9,3856,120,302,149,0.7371712183910056,132670764299.0,132670764299.0,0.0,DOGE,0.11085387432304229,726367832.0,14707068231.0,1.0047,1.0348,0.9177,0.6847,0.5492,1.7044,2,7,7,July,2024
02:00:53,2024-07-07,Dogecoin,9,3856,120,302,149,0.7371712183910056,132670764299.0,132670764299.0,0.0,DOGE,0.11086368350287104,726084071.0,14708369623.0,1.0061,1.0361,0.9179,0.6851,0.5508,1.7036,2,7,7,July,2024
02:01:16,2024-07-07,Dogecoin,9,3856,120,302,149,0.7371712183910056,132670764299.0,132670764299.0,0.0,DOGE,0.11087820518062769,726140982.0,14710296225.0,1.0063,1.0362,0.918,0.6852,0.5509,1.7038,2,7,7,July,2024
11:27:53,2024-07-07,Dogecoin,9,3856,119,302,149,0.7371712183910056,132670764299.0,132670764299.0,0.0,DOGE,0.10685971073996554,641723153.0,14177159496.0,1.0132,0.9771,0.8729,0.6631,0.5268,1.6368,11,7,7,July,2024
11:28:12,2024-07-07,Dogecoin,9,3856,119,302,149,0.7371712183910056,132670764299.0,132670764299.0,0.0,DOGE,0.10686945874100824,641692252.0,14178452771.0,1.0133,0.9772,0.873,0.6631,0.5268,1.637,11,7,7,July,2024
11:28:43,2024-07-07,Dogecoin,9,3856,119,302,149,0.7371712183910056,132670764299.0,132670764299.0,0.0,DOGE,0.10687988263612562,641833201.0,14179835717.0,1.0134,0.9773,0.8731,0.6632,0.5269,1.6371,11,7,7,July,2024
11:29:02,2024-07-07,Dogecoin,9,3856,119,302,149,0.7371712183910056,132670764299.0,132670764299.0,0.0,DOGE,0.10686882152462604,641610127.0,14178368231.0,1.0133,0.9772,0.873,0.6631,0.5268,1.6369,11,7,7,July,2024
11:30:35,2024-07-07,Dogecoin,9,3856,119,302,149,0.7371712183910056,132670764299.0,132670764299.0,0.0,DOGE,0.10686061108124525,641353349.0,14177278945.0,1.0133,0.9771,0.8729,0.6631,0.5268,1.6368,11,7,7,July,2024
11:31:00,2024-07-07,Dogecoin,9,3856,119,302,149,0.7371712183910056,132670764299.0,132670764299.0,0.0,DOGE,0.10680157435000347,640715786.0,14169446497.0,1.0127,0.9766,0.8725,0.6627,0.5265,1.6359,11,7,7,July,2024
11:31:20,2024-07-07,Dogecoin,9,3856,119,302,149,0.7371712183910056,132670764299.0,132670764299.0,0.0,DOGE,0.10676985857149122,640440956.0,14165238740.0,1.0065,0.975,0.8726,0.6638,0.5286,1.6347,11,7,7,July,2024
11:31:43,2024-07-07,Dogecoin,9,3856,119,302,149,0.7371712183910056,132670764299.0,132670764299.0,0.0,DOGE,0.10670785629836062,639928889.0,14157012851.0,1.0059,0.9745,0.8721,0.6634,0.5283,1.6337,11,7,7,July,2024
11:32:05,2024-07-07,Dogecoin,9,3856,119,302,149,0.7371712183910056,132670764299.0,132670764299.0,0.0,DOGE,0.1066556011190063,639443841.0,14150080117.0,1.0054,0.974,0.8717,0.6631,0.5281,1.6329,11,7,7,July,2024
11:32:29,2024-07-07,Dogecoin,9,3856,119,302,149,0.7371712183910056,132670764299.0,132670764299.0,0.0,DOGE,0.10661439105146084,639693210.0,14144612746.0,1.005,0.9736,0.8714,0.6628,0.5279,1.6323,11,7,7,July,2024
11:32:51,2024-07-07,Dogecoin,9,3856,119,302,149,0.7371712183910056,132670764299.0,132670764299.0,0.0,DOGE,0.10660866544336157,639645816.0,14143853125.0,1.005,0.9736,0.8713,0.6628,0.5278,1.6322,11,7,7,July,2024
11:33:12,2024-07-07,Dogecoin,9,3856,119,302,149,0.7371712183910056,132670764299.0,132670764299.0,0.0,DOGE,0.10660772090979051,639526581.0,14143727813.0,1.005,0.9736,0.8713,0.6628,0.5278,1.6322,11,7,7,July,2024
11:33:35,2024-07-07,Dogecoin,9,3856,119,302,149,0.7371712183910056,132670764299.0,132670764299.0,0.0,DOGE,0.10664149327434258,639783621.0,14148208418.0,1.0053,0.9739,0.8716,0.663,0.528,1.6327,11,7,7,July,2024
11:33:57,2024-07-07,Dogecoin,9,3856,119,302,149,0.7371712183910056,132670764299.0,132670764299.0,0.0,DOGE,0.10665858921938576,639740328.0,14150476550.0,1.0054,0.974,0.8717,0.6631,0.5281,1.633,11,7,7,July,2024
11:34:16,2024-07-07,Dogecoin,9,3856,119,302,149,0.7371712183910056,132670764299.0,132670764299.0,0.0,DOGE,0.10668862528523242,639810115.0,14154461458.0,1.0057,0.9743,0.872,0.6633,0.5282,1.6334,11,7,7,July,2024
11:34:42,2024-07-07,Dogecoin,9,3856,119,302,149,0.7371712183910056,132670764299.0,132670764299.0,0.0,DOGE,0.10672085384052132,638795353.0,14158737245.0,1.006,0.9746,0.8722,0.6635,0.5284,1.6339,11,7,7,July,2024
11:35:03,2024-07-07,Dogecoin,9,3856,119,302,149,0.7371712183910056,132670764299.0,132670764299.0,0.0,DOGE,0.10672681274719469,638279987.0,14159527818.0,1.0061,0.9747,0.8723,0.6635,0.5284,1.634,11,7,7,July,2024
11:35:25,2024-07-07,Dogecoin,9,3856,119,302,149,0.7371712183910056,132670764299.0,132670764299.0,0.0,DOGE,0.1067214812445996,637875015.0,14158820483.0,1.0029,0.9704,0.8714,0.6642,0.5272,1.6339,11,7,7,July,2024
11:35:47,2024-07-07,Dogecoin,9,3856,119,302,149,0.7371712183910056,132670764299.0,132670764299.0,0.0,DOGE,0.10670925349420711,637447517.0,14157198218.0,1.0028,0.9703,0.8713,0.6641,0.5271,1.6338,11,7,7,July,2024
11:36:08,2024-07-07,Dogecoin,9,3856,119,302,149,0.7371712183910056,132670764299.0,132670764299.0,0.0,DOGE,0.10670820154413989,637194175.0,14157058655.0,1.0028,0.9703,0.8712,0.6641,0.5271,1.6337,11,7,7,July,2024
11:36:29,2024-07-07,Dogecoin,9,3856,119,302,149,0.7371712183910056,132670764299.0,132670764299.0,0.0,DOGE,0.10669903913644674,637075335.0,14155843072.0,1.0027,0.9702,0.8712,0.6641,0.5271,1.6336,11,7,7,July,2024
11:36:51,2024-07-07,Dogecoin,9,3856,119,302,149,0.7371712183910056,132670764299.0,132670764299.0,0.0,DOGE,0.10669947116493281,635463656.0,14155900389.0,1.0027,0.9702,0.8712,0.6641,0.5271,1.6336,11,7,7,July,2024
11:37:14,2024-07-07,Dogecoin,9,3856,119,302,149,0.7371712183910056,132670764299.0,132670764299.0,0.0,DOGE,0.10670960270447104,635279232.0,14157244548.0,1.0028,0.9703,0.8713,0.6641,0.5271,1.6338,11,7,7,July,2024
11:37:40,2024-07-07,Dogecoin,9,3856,119,302,149,0.7371712183910056,132670764299.0,132670764299.0,0.0,DOGE,0.106728312472883,635243036.0,14159726788.0,1.003,0.9704,0.8714,0.6642,0.5272,1.634,11,7,7,July,2024
11:38:02,2024-07-07,Dogecoin,9,3856,119,302,149,0.7371712183910056,132670764299.0,132670764299.0,0.0,DOGE,0.10674827029719644,635276147.0,14162374607.0,1.0032,0.9706,0.8716,0.6644,0.5273,1.6344,11,7,7,July,2024
11:38:30,2024-07-07,Dogecoin,9,3856,119,302,149,0.7371712183910056,132670764299.0,132670764299.0,0.0,DOGE,0.10675633308271697,635212268.0,14163444303.0,1.0032,0.9707,0.8716,0.6644,0.5274,1.6345,11,7,7,July,2024
11:39:17,2024-07-07,Dogecoin,9,3856,119,302,149,0.7371712183910056,132670764299.0,132670764299.0,0.0,DOGE,0.10677327306932877,634984536.0,14165691744.0,1.0034,0.9709,0.8718,0.6645,0.5274,1.6347,11,7,7,July,2024
11:40:27,2024-07-07,Dogecoin,9,3856,119,302,149,0.7371712183910056,132670764299.0,132670764299.0,0.0,DOGE,0.10682832945040657,634875693.0,14172996116.0,1.0039,0.9714,0.8722,0.6649,0.5277,1.6356,11,7,7,July,2024
11:40:51,2024-07-07,Dogecoin,9,3856,119,302,149,0.7371712183910056,132670764299.0,132670764299.0,0.0,DOGE,0.10684582593523632,634716374.0,14175317388.0,1.0052,0.9734,0.8722,0.6653,0.5268,1.6355,11,7,7,July,2024
11:41:13,2024-07-07,Dogecoin,9,3856,119,302,149,0.7371712183910056,132670764299.0,132670764299.0,0.0,DOGE,0.10690287137857506,634987718.0,14182885651.0,1.0057,0.974,0.8727,0.6657,0.5271,1.6364,11,7,7,July,2024
11:41:34,2024-07-07,Dogecoin,9,3856,119,301,149,0.7371712183910056,132670764299.0,132670764299.0,0.0,DOGE,0.10696490977390193,635390817.0,14191116332.0,1.0063,0.9745,0.8732,0.6661,0.5274,1.6373,11,7,7,July,2024
11:41:54,2024-07-07,Dogecoin,9,3856,119,301,149,0.7371712183910056,132670764299.0,132670764299.0,0.0,DOGE,0.10708435241991102,635993936.0,14206962880.0,1.0074,0.9756,0.8741,0.6668,0.528,1.6392,11,7,7,July,2024
11:42:18,2024-07-07,Dogecoin,9,3856,119,301,149,0.7371712183910056,132670764299.0,132670764299.0,0.0,DOGE,0.10710504608780333,635933116.0,14209708324.0,1.0076,0.9758,0.8743,0.6669,0.5281,1.6395,11,7,7,July,2024
11:42:42,2024-07-07,Dogecoin,9,3856,119,301,149,0.7371712183910056,132670764299.0,132670764299.0,0.0,DOGE,0.10718851537980062,636483002.0,14220782259.0,1.0084,0.9766,0.875,0.6675,0.5285,1.6408,11,7,7,July,2024
11:43:27,2024-07-07,Dogecoin,9,3856,119,301,149,0.7371712183910056,132670764299.0,132670764299.0,0.0,DOGE,0.10723073170153091,636644882.0,14226383131.0,1.0088,0.977,0.8753,0.6677,0.5287,1.6414,11,7,7,July,2024
11:44:33,2024-07-07,Dogecoin,9,3856,119,301,149,0.7371712183910056,132670764299.0,132670764299.0,0.0,DOGE,0.10720477246409828,636399135.0,14222939099.0,1.0086,0.9767,0.8751,0.6676,0.5286,1.641,11,7,7,July,2024
11:44:56,2024-07-07,Dogecoin,9,3856,119,301,149,0.7371712183910056,132670764299.0,132670764299.0,0.0,DOGE,0.10717632911057033,636118022.0,14219165497.0,1.0083,0.9765,0.8749,0.6674,0.5284,1.6406,11,7,7,July,2024
11:45:17,2024-07-07,Dogecoin,9,3856,119,301,149,0.7371712183910056,132670764299.0,132670764299.0,0.0,DOGE,0.1071553064625254,635979098.0,14216376407.0,1.0081,0.9763,0.8747,0.6673,0.5283,1.6403,11,7,7,July,2024
11:45:40,2024-07-07,Dogecoin,9,3856,119,301,149,0.7371712183910056,132670764299.0,132670764299.0,0.0,DOGE,0.1071684263632365,636353268.0,14218117034.0,1.0082,0.9764,0.8748,0.6673,0.5284,1.6405,11,7,7,July,2024
11:46:00,2024-07-07,Dogecoin,9,3856,119,301,149,0.7371712183910056,132670764299.0,132670764299.0,0.0,DOGE,0.10712149793012292,636124378.0,14211891003.0,1.0078,0.976,0.8744,0.667,0.5282,1.6397,11,7,7,July,2024
11:46:23,2024-07-07,Dogecoin,9,3856,119,301,149,0.7371712183910056,132670764299.0,132670764299.0,0.0,DOGE,0.10704436775372773,635576195.0,14201658083.0,1.0087,0.9734,0.8733,0.6671,0.5277,1.6385,11,7,7,July,2024
11:46:43,2024-07-07,Dogecoin,9,3856,119,301,149,0.7371712183910056,132670764299.0,132670764299.0,0.0,DOGE,0.10697717161071738,635009444.0,14192743120.0,1.0081,0.9728,0.8727,0.6667,0.5273,1.6375,11,7,7,July,2024
11:47:06,2024-07-07,Dogecoin,9,3856,119,301,149,0.7371712183910056,132670764299.0,132670764299.0,0.0,DOGE,0.10694921885333994,634713012.0,14189034606.0,1.0078,0.9726,0.8725,0.6665,0.5272,1.6371,11,7,7,July,2024
11:47:28,2024-07-07,Dogecoin,9,3856,119,301,149,0.7371712183910056,132670764299.0,132670764299.0,0.0,DOGE,0.10693225796147264,634641990.0,14186784391.0,1.0077,0.9724,0.8724,0.6664,0.5271,1.6368,11,7,7,July,2024
11:47:50,2024-07-07,Dogecoin,9,3856,119,301,149,0.7371712183910056,132670764299.0,132670764299.0,0.0,DOGE,0.10693622962309493,634478024.0,14187311315.0,1.0077,0.9724,0.8724,0.6664,0.5271,1.6369,11,7,7,July,2024
11:48:28,2024-07-07,Dogecoin,9,3856,119,301,149,0.7371712183910056,132670764299.0,132670764299.0,0.0,DOGE,0.10696291993142633,634585555.0,14190852338.0,1.0079,0.9727,0.8726,0.6666,0.5273,1.6373,11,7,7,July,2024
11:48:53,2024-07-07,Dogecoin,9,3856,119,301,149,0.7371712183910056,132670764299.0,132670764299.0,0.0,DOGE,0.10698187655004852,634535561.0,14193367328.0,1.0081,0.9729,0.8728,0.6667,0.5274,1.6376,11,7,7,July,2024
11:49:12,2024-07-07,Dogecoin,9,3856,119,301,149,0.7371712183910056,132670764299.0,132670764299.0,0.0,DOGE,0.10694671737502176,634261695.0,14188702733.0,1.0078,0.9725,0.8725,0.6665,0.5272,1.637,11,7,7,July,2024
11:49:47,2024-07-07,Dogecoin,9,3856,119,301,149,0.7371712183910056,132670764299.0,132670764299.0,0.0,DOGE,0.10683598803355382,633627001.0,14174012187.0,1.0067,0.9715,0.8716,0.6658,0.5266,1.6353,11,7,7,July,2024
11:50:25,2024-07-07,Dogecoin,9,3856,119,301,149,0.7371712183910056,132670764299.0,132670764299.0,0.0,DOGE,0.10679334570215661,633374357.0,14168354796.0,1.0063,0.9711,0.8712,0.6655,0.5264,1.6347,11,7,7,July,2024
11:51:45,2024-07-07,Dogecoin,9,3856,119,301,149,0.7371712183910056,132670764299.0,132670764299.0,0.0,DOGE,0.10669324348775985,632455267.0,14155074159.0,1.0079,0.972,0.8696,0.664,0.5259,1.6339,11,7,7,July,2024
11:52:08,2024-07-07,Dogecoin,9,3856,119,301,149,0.7371712183910056,132670764299.0,132670764299.0,0.0,DOGE,0.10667084820074356,632161904.0,14152102959.0,1.0077,0.9718,0.8695,0.6639,0.5258,1.6336,11,7,7,July,2024
11:52:42,2024-07-07,Dogecoin,9,3856,119,301,149,0.7371712183910056,132670764299.0,132670764299.0,0.0,DOGE,0.10671527010641954,632439245.0,14157996447.0,1.0081,0.9722,0.8698,0.6641,0.526,1.6343,11,7,7,July,2024
11:53:22,2024-07-07,Dogecoin,9,3856,119,301,149,0.7371712183910056,132670764299.0,132670764299.0,0.0,DOGE,0.1067249099203398,632332921.0,14159275368.0,1.0082,0.9723,0.8699,0.6642,0.5261,1.6344,11,7,7,July,2024
11:54:30,2024-07-07,Dogecoin,9,3856,119,301,149,0.7371712183910056,132670764299.0,132670764299.0,0.0,DOGE,0.10676632826361374,632249158.0,14164770372.0,1.0086,0.9726,0.8702,0.6645,0.5263,1.6351,11,7,7,July,2024
11:54:52,2024-07-07,Dogecoin,9,3856,119,301,149,0.7371712183910056,132670764299.0,132670764299.0,0.0,DOGE,0.10678309929876265,632225383.0,14166995398.0,1.0088,0.9728,0.8704,0.6646,0.5264,1.6353,11,7,7,July,2024
11:55:16,2024-07-07,Dogecoin,9,3856,119,301,149,0.7371712183910056,132670764299.0,132670764299.0,0.0,DOGE,0.10680595164208086,632345732.0,14170027236.0,1.009,0.973,0.8706,0.6647,0.5265,1.6357,11,7,7,July,2024
11:55:41,2024-07-07,Dogecoin,9,3856,119,301,149,0.7371712183910056,132670764299.0,132670764299.0,0.0,DOGE,0.10681518955078043,632195519.0,14171252836.0,1.0097,0.9749,0.8706,0.6651,0.5261,1.6359,11,7,7,July,2024
11:56:05,2024-07-07,Dogecoin,9,3856,119,301,149,0.7371712183910056,132670764299.0,132670764299.0,0.0,DOGE,0.10685516488381125,632321475.0,14176556394.0,1.0101,0.9753,0.8709,0.6654,0.5263,1.6365,11,7,7,July,2024
11:56:25,2024-07-07,Dogecoin,9,3856,119,301,149,0.7371712183910056,132670764299.0,132670764299.0,0.0,DOGE,0.10693018456301948,632678712.0,14186509312.0,1.0108,0.976,0.8715,0.6658,0.5266,1.6377,11,7,7,July,2024
11:56:47,2024-07-07,Dogecoin,9,3856,119,301,149,0.7371712183910056,132670764299.0,132670764299.0,0.0,DOGE,0.10693018456301948,632678712.0,14186509312.0,1.0108,0.976,0.8715,0.6658,0.5266,1.6377,11,7,7,July,2024
11:57:07,2024-07-07,Dogecoin,9,3856,119,301,149,0.7371712183910056,132670764299.0,132670764299.0,0.0,DOGE,0.10708271699005473,633232620.0,14206745906.0,1.0123,0.9773,0.8727,0.6668,0.5274,1.64,11,7,7,July,2024
11:57:35,2024-07-07,Dogecoin,9,3856,119,301,149,0.7371712183910056,132670764299.0,132670764299.0,0.0,DOGE,0.10718377928459441,633753127.0,14220153918.0,1.0132,0.9783,0.8736,0.6674,0.5279,1.6415,11,7,7,July,2024
11:58:02,2024-07-07,Dogecoin,9,3856,119,301,149,0.7371712183910056,132670764299.0,132670764299.0,0.0,DOGE,0.10722487107302514,633893995.0,14225605597.0,1.0136,0.9786,0.8739,0.6677,0.5281,1.6422,11,7,7,July,2024
11:58:29,2024-07-07,Dogecoin,9,3856,119,301,149,0.7371712183910056,132670764299.0,132670764299.0,0.0,DOGE,0.10717623283392975,633515611.0,14219152724.0,1.0131,0.9782,0.8735,0.6674,0.5279,1.6414,11,7,7,July,2024
11:58:53,2024-07-07,Dogecoin,9,3856,119,301,149,0.7371712183910056,132670764299.0,132670764299.0,0.0,DOGE,0.10713674499626694,633139459.0,14213913843.0,1.0128,0.9778,0.8732,0.6671,0.5277,1.6408,11,7,7,July,2024
11:59:17,2024-07-07,Dogecoin,9,3856,119,301,149,0.7371712183910056,132670764299.0,132670764299.0,0.0,DOGE,0.10711390931638279,632948072.0,14210884216.0,1.0125,0.9776,0.873,0.667,0.5275,1.6405,11,7,7,July,2024
12:00:57,2024-07-07,Dogecoin,9,3856,119,301,149,0.7371712183910056,132670764299.0,132670764299.0,0.0,DOGE,0.106992992927531,631325186.0,14194842146.0,1.0095,0.9776,0.8726,0.667,0.5273,1.638,12,7,7,July,2024
12:01:27,2024-07-07,Dogecoin,9,3856,119,301,149,0.7371712183910056,132670764299.0,132670764299.0,0.0,DOGE,0.10698054421508621,631141371.0,14193190566.0,1.0094,0.9775,0.8725,0.6669,0.5272,1.6378,12,7,7,July,2024
12:02:03,2024-07-07,Dogecoin,9,3856,119,301,149,0.7371712183910056,132670764299.0,132670764299.0,0.0,DOGE,0.1070485646616677,633428945.0,14202214890.0,1.01,0.9781,0.8731,0.6674,0.5276,1.6389,12,7,7,July,2024
12:10:30,2024-07-07,Dogecoin,9,3856,119,301,149,0.7371712183910056,132670764299.0,132670764299.0,0.0,DOGE,0.10730883053381789,631770141.0,14236744562.0,1.0074,0.9835,0.8756,0.6704,0.5274,1.6426,12,7,7,July,2024
12:11:33,2024-07-07,Dogecoin,9,3856,119,301,149,0.7371712183910056,132670764299.0,132670764299.0,0.0,DOGE,0.10737356767538289,632068559.0,14245333289.0,1.008,0.9841,0.8761,0.6708,0.5278,1.6436,12,7,7,July,2024
12:13:20,2024-07-07,Dogecoin,9,3856,119,301,149,0.7371712183910056,132670764299.0,132670764299.0,0.0,DOGE,0.10786933360158428,636368986.0,14311106933.0,1.0126,0.9886,0.8802,0.6739,0.5302,1.6511,12,7,7,July,2024
12:13:46,2024-07-07,Dogecoin,9,3856,119,301,149,0.7371712183910056,132670764299.0,132670764299.0,0.0,DOGE,0.1078697921839522,636574750.0,14311167773.0,1.0126,0.9886,0.8802,0.6739,0.5302,1.6511,12,7,7,July,2024
12:14:09,2024-07-07,Dogecoin,9,3856,119,301,149,0.7371712183910056,132670764299.0,132670764299.0,0.0,DOGE,0.10789981249196995,636905482.0,14315150591.0,1.0129,0.9889,0.8804,0.6741,0.5303,1.6516,12,7,7,July,2024
12:15:52,2024-07-07,Dogecoin,9,3856,119,301,149,0.7371712183910056,132670764299.0,132670764299.0,0.0,DOGE,0.10793958720151849,637668380.0,14320427532.0,1.0154,0.9887,0.8812,0.6742,0.5315,1.6506,12,7,7,July,2024
12:18:20,2024-07-07,Dogecoin,9,3856,119,301,149,0.7371712183910056,132670764299.0,132670764299.0,0.0,DOGE,0.10786194874829191,638764412.0,14310127179.0,1.0146,0.988,0.8806,0.6737,0.5311,1.6494,12,7,7,July,2024
12:18:47,2024-07-07,Dogecoin,9,3856,119,301,149,0.7371712183910056,132670764299.0,132670764299.0,0.0,DOGE,0.10792672060671135,639127271.0,14318720511.0,1.0152,0.9886,0.8811,0.6742,0.5314,1.6504,12,7,7,July,2024
12:31:53,2024-07-07,Dogecoin,9,3856,119,301,149,0.7371712183910056,132670764299.0,132670764299.0,0.0,DOGE,0.10735121494933521,631878404.0,14242367735.0,1.0042,0.9758,0.8781,0.6681,0.5296,1.6392,12,7,7,July,2024
12:49:30,2024-07-07,Dogecoin,9,3856,119,302,150,0.7371712183910056,132670764299.0,132670764299.0,0.0,DOGE,0.10811267326640478,623942140.0,14343390992.0,1.0089,0.9703,0.8839,0.6754,0.5319,1.6502,12,7,7,July,2024
12:53:32,2024-07-07,Dogecoin,9,3856,119,302,150,0.7371712183910056,132670764299.0,132670764299.0,0.0,DOGE,0.1079013447279085,620094821.0,14315353873.0,1.0101,0.9676,0.8823,0.6755,0.5312,1.6454,12,7,7,July,2024
12:54:55,2024-07-07,Dogecoin,9,3856,119,302,150,0.7371712183910056,132670764299.0,132670764299.0,0.0,DOGE,0.10793260752241991,619770513.0,14319501532.0,1.0104,0.9678,0.8825,0.6757,0.5314,1.6459,12,7,7,July,2024
12:56:23,2024-07-07,Dogecoin,9,3856,119,302,150,0.7371712183910056,132670764299.0,132670764299.0,0.0,DOGE,0.10788507307425152,618958927.0,14313195101.0,1.0102,0.9692,0.8831,0.6756,0.5309,1.6458,12,7,7,July,2024
12:56:44,2024-07-07,Dogecoin,9,3856,119,302,150,0.7371712183910056,132670764299.0,132670764299.0,0.0,DOGE,0.10787703540363681,618674595.0,14312128737.0,1.0101,0.9691,0.883,0.6756,0.5308,1.6456,12,7,7,July,2024
12:57:09,2024-07-07,Dogecoin,9,3856,119,302,150,0.7371712183910056,132670764299.0,132670764299.0,0.0,DOGE,0.10788491794819302,618285357.0,14313174520.0,1.0102,0.9692,0.8831,0.6756,0.5309,1.6457,12,7,7,July,2024
12:57:30,2024-07-07,Dogecoin,9,3856,119,302,150,0.7371712183910056,132670764299.0,132670764299.0,0.0,DOGE,0.10789665802804806,618127051.0,14314732085.0,1.0103,0.9693,0.8832,0.6757,0.5309,1.6459,12,7,7,July,2024
12:57:53,2024-07-07,Dogecoin,9,3856,119,302,150,0.7371712183910056,132670764299.0,132670764299.0,0.0,DOGE,0.10791519926167321,618126768.0,14317191965.0,1.0105,0.9695,0.8833,0.6758,0.531,1.6462,12,7,7,July,2024
12:58:14,2024-07-07,Dogecoin,9,3856,119,302,150,0.7371712183910056,132670764299.0,132670764299.0,0.0,DOGE,0.1079210357813983,618116992.0,14317966301.0,1.0105,0.9695,0.8834,0.6759,0.5311,1.6463,12,7,7,July,2024
12:58:35,2024-07-07,Dogecoin,9,3856,119,302,150,0.7371712183910056,132670764299.0,132670764299.0,0.0,DOGE,0.10797521492456719,618255034.0,14325154289.0,1.011,0.97,0.8838,0.6762,0.5313,1.6471,12,7,7,July,2024
12:58:57,2024-07-07,Dogecoin,9,3856,119,302,150,0.7371712183910056,132670764299.0,132670764299.0,0.0,DOGE,0.1079841867561265,618251997.0,14326344589.0,1.0111,0.9701,0.8839,0.6763,0.5314,1.6473,12,7,7,July,2024
12:59:43,2024-07-07,Dogecoin,9,3856,119,302,150,0.7371712183910056,132670764299.0,132670764299.0,0.0,DOGE,0.10798749655930215,617782611.0,14326783703.0,1.0111,0.9701,0.8839,0.6763,0.5314,1.6473,12,7,7,July,2024
13:00:04,2024-07-07,Dogecoin,9,3856,119,302,150,0.7371712183910056,132670764299.0,132670764299.0,0.0,DOGE,0.10800032865930972,617637275.0,14328486147.0,1.0113,0.9702,0.884,0.6764,0.5314,1.6475,13,7,7,July,2024
13:00:27,2024-07-07,Dogecoin,9,3856,119,302,150,0.7371712183910056,132670764299.0,132670764299.0,0.0,DOGE,0.10801173564597948,617566300.0,14329999521.0,1.0114,0.9703,0.8841,0.6764,0.5315,1.6477,13,7,7,July,2024
13:00:50,2024-07-07,Dogecoin,9,3856,119,302,150,0.7371712183910056,132670764299.0,132670764299.0,0.0,DOGE,0.108078600828835,617582129.0,14338870576.0,1.0095,0.967,0.8846,0.6779,0.5324,1.6496,13,7,7,July,2024
13:01:12,2024-07-07,Dogecoin,9,3856,119,302,150,0.7371712183910056,132670764299.0,132670764299.0,0.0,DOGE,0.10809176394363336,617109543.0,14340616936.0,1.0096,0.9672,0.8847,0.678,0.5324,1.6498,13,7,7,July,2024
13:01:33,2024-07-07,Dogecoin,9,3856,119,302,150,0.7371712183910056,132670764299.0,132670764299.0,0.0,DOGE,0.10812010250071603,613728047.0,14344376634.0,1.0099,0.9674,0.8849,0.6782,0.5326,1.6502,13,7,7,July,2024
13:01:56,2024-07-07,Dogecoin,9,3856,119,302,150,0.7371712183910056,132670764299.0,132670764299.0,0.0,DOGE,0.10812185767829825,613635476.0,14344609495.0,1.0099,0.9674,0.8849,0.6782,0.5326,1.6503,13,7,7,July,2024
13:02:18,2024-07-07,Dogecoin,9,3856,119,302,150,0.7371712183910056,132670764299.0,132670764299.0,0.0,DOGE,0.10813581884574969,613545038.0,14346461734.0,1.01,0.9675,0.885,0.6783,0.5327,1.6505,13,7,7,July,2024
13:02:41,2024-07-07,Dogecoin,9,3856,119,302,150,0.7371712183910056,132670764299.0,132670764299.0,0.0,DOGE,0.10816079858409254,613701563.0,14349775815.0,1.0103,0.9678,0.8852,0.6785,0.5328,1.6509,13,7,7,July,2024
13:03:07,2024-07-07,Dogecoin,9,3856,119,302,150,0.7371712183910056,132670764299.0,132670764299.0,0.0,DOGE,0.10819127301316102,613577826.0,14353818881.0,1.0106,0.968,0.8855,0.6787,0.5329,1.6513,13,7,7,July,2024
13:03:28,2024-07-07,Dogecoin,9,3856,119,302,150,0.7371712183910056,132670764299.0,132670764299.0,0.0,DOGE,0.10820382749378218,613544647.0,14355484493.0,1.0107,0.9682,0.8856,0.6787,0.533,1.6515,13,7,7,July,2024
13:03:54,2024-07-07,Dogecoin,9,3856,119,302,150,0.7371712183910056,132670764299.0,132670764299.0,0.0,DOGE,0.10821056387689441,613559598.0,14356378214.0,1.0107,0.9682,0.8856,0.6788,0.533,1.6516,13,7,7,July,2024
13:04:15,2024-07-07,Dogecoin,9,3856,119,302,150,0.7371712183910056,132670764299.0,132670764299.0,0.0,DOGE,0.10820592126690778,613357534.0,14355762276.0,1.0107,0.9682,0.8856,0.6787,0.533,1.6516,13,7,7,July,2024
13:04:40,2024-07-07,Dogecoin,9,3856,119,302,150,0.7371712183910056,132670764299.0,132670764299.0,0.0,DOGE,0.10819668533324588,613172756.0,14354536937.0,1.0106,0.9681,0.8855,0.6787,0.533,1.6514,13,7,7,July,2024
13:05:03,2024-07-07,Dogecoin,9,3856,119,302,150,0.7371712183910056,132670764299.0,132670764299.0,0.0,DOGE,0.10820956798183692,612948223.0,14356246088.0,1.0107,0.9682,0.8856,0.6788,0.533,1.6516,13,7,7,July,2024
13:05:30,2024-07-07,Dogecoin,9,3856,119,302,150,0.7371712183910056,132670764299.0,132670764299.0,0.0,DOGE,0.1082210424110421,612822946.0,14357768409.0,1.0108,0.9683,0.8857,0.6788,0.5331,1.6518,13,7,7,July,2024
13:05:51,2024-07-07,Dogecoin,9,3856,119,302,150,0.7371712183910056,132670764299.0,132670764299.0,0.0,DOGE,0.1082838339909165,612767868.0,14366099016.0,1.0114,0.9689,0.8862,0.6792,0.5334,1.6527,13,7,7,July,2024
13:06:16,2024-07-07,Dogecoin,9,3856,119,302,150,0.7371712183910056,132670764299.0,132670764299.0,0.0,DOGE,0.10834635027951779,612777034.0,14374393100.0,1.0121,0.9697,0.8864,0.6814,0.5344,1.6537,13,7,7,July,2024
13:06:34,2024-07-07,Dogecoin,9,3856,119,302,150,0.7371712183910056,132670764299.0,132670764299.0,0.0,DOGE,0.10852262332857862,612961517.0,14397779380.0,1.0138,0.9713,0.8878,0.6825,0.5353,1.6564,13,7,7,July,2024
13:06:55,2024-07-07,Dogecoin,9,3856,119,302,150,0.7371712183910056,132670764299.0,132670764299.0,0.0,DOGE,0.10854236352486746,612888724.0,14400398327.0,1.0139,0.9715,0.888,0.6826,0.5354,1.6567,13,7,7,July,2024
13:07:15,2024-07-07,Dogecoin,9,3856,119,302,150,0.7371712183910056,132670764299.0,132670764299.0,0.0,DOGE,0.10853682171195098,612520670.0,14399663091.0,1.0139,0.9714,0.8879,0.6826,0.5354,1.6566,13,7,7,July,2024
13:07:45,2024-07-07,Dogecoin,9,3856,119,302,150,0.7371712183910056,132670764299.0,132670764299.0,0.0,DOGE,0.10849539271528155,611982682.0,14394166674.0,1.0135,0.971,0.8876,0.6823,0.5352,1.656,13,7,7,July,2024
13:08:17,2024-07-07,Dogecoin,9,3856,119,302,150,0.7371712183910056,132670764299.0,132670764299.0,0.0,DOGE,0.10847273856089167,611734658.0,14391161130.0,1.0133,0.9708,0.8874,0.6821,0.5351,1.6556,13,7,7,July,2024
13:08:47,2024-07-07,Dogecoin,9,3856,119,302,150,0.7371712183910056,132670764299.0,132670764299.0,0.0,DOGE,0.1084728684517308,611703760.0,14391178363.0,1.0133,0.9708,0.8874,0.6821,0.5351,1.6556,13,7,7,July,2024
13:09:12,2024-07-07,Dogecoin,9,3856,119,302,150,0.7371712183910056,132670764299.0,132670764299.0,0.0,DOGE,0.1084568192855265,611441359.0,14389049108.0,1.0132,0.9707,0.8873,0.682,0.535,1.6554,13,7,7,July,2024
13:10:05,2024-07-07,Dogecoin,9,3856,119,302,150,0.7371712183910056,132670764299.0,132670764299.0,0.0,DOGE,0.10834812982173427,610597408.0,14374629193.0,1.0121,0.9697,0.8864,0.6814,0.5345,1.6537,13,7,7,July,2024
13:10:25,2024-07-07,Dogecoin,9,3856,119,302,150,0.7371712183910056,132670764299.0,132670764299.0,0.0,DOGE,0.10834812982173427,610597408.0,14374629193.0,1.0121,0.9697,0.8864,0.6814,0.5345,1.6537,13,7,7,July,2024
13:10:49,2024-07-07,Dogecoin,9,3856,119,302,150,0.7371712183910056,132670764299.0,132670764299.0,0.0,DOGE,0.10829894851981724,609910658.0,14368104272.0,1.0117,0.9693,0.886,0.6811,0.5342,1.653,13,7,7,July,2024
13:11:11,2024-07-07,Dogecoin,9,3856,119,302,150,0.7371712183910056,132670764299.0,132670764299.0,0.0,DOGE,0.10828856151968899,609770071.0,14366726221.0,1.0116,0.9692,0.8859,0.681,0.5342,1.6528,13,7,7,July,2024
13:11:35,2024-07-07,Dogecoin,9,3856,119,302,150,0.7371712183910056,132670764299.0,132670764299.0,0.0,DOGE,0.10826379928523994,609808264.0,14363440997.0,1.0091,0.965,0.8855,0.681,0.5349,1.6548,13,7,7,July,2024
13:11:58,2024-07-07,Dogecoin,9,3856,119,302,150,0.7371712183910056,132670764299.0,132670764299.0,0.0,DOGE,0.10828113640171588,609749051.0,14365741125.0,1.0093,0.9651,0.8857,0.6811,0.535,1.6551,13,7,7,July,2024
13:12:35,2024-07-07,Dogecoin,9,3856,119,302,150,0.7371712183910056,132670764299.0,132670764299.0,0.0,DOGE,0.10828510499350273,609599859.0,14366267641.0,1.0093,0.9652,0.8857,0.6812,0.535,1.6551,13,7,7,July,2024
13:13:02,2024-07-07,Dogecoin,9,3856,119,302,150,0.7371712183910056,132670764299.0,132670764299.0,0.0,DOGE,0.10826910038176008,609373047.0,14364144297.0,1.0092,0.965,0.8856,0.6811,0.5349,1.6549,13,7,7,July,2024
13:13:28,2024-07-07,Dogecoin,9,3856,119,302,150,0.7371712183910056,132670764299.0,132670764299.0,0.0,DOGE,0.10826212740682864,609178604.0,14363219187.0,1.0091,0.965,0.8855,0.681,0.5349,1.6548,13,7,7,July,2024
13:13:49,2024-07-07,Dogecoin,9,3856,119,302,150,0.7371712183910056,132670764299.0,132670764299.0,0.0,DOGE,0.10823097439570313,608927237.0,14359086093.0,1.0088,0.9647,0.8853,0.6808,0.5347,1.6543,13,7,7,July,2024
13:14:11,2024-07-07,Dogecoin,9,3856,119,302,150,0.7371712183910056,132670764299.0,132670764299.0,0.0,DOGE,0.10821497154380481,608702630.0,14356962983.0,1.0087,0.9646,0.8851,0.6807,0.5346,1.6541,13,7,7,July,2024
14:46:32,2024-07-07,Dogecoin,9,3856,118,300,149,0.7371712183910056,132670764299.0,132670764299.0,0.0,DOGE,0.10804233855402633,584176020.0,14334059632.0,1.0014,0.9566,0.878,0.7291,0.5279,1.6474,14,7,7,July,2024
14:46:53,2024-07-07,Dogecoin,9,3856,118,300,149,0.7371712183910056,132670764299.0,132670764299.0,0.0,DOGE,0.10804628362531622,584370549.0,14334583028.0,1.0014,0.9566,0.878,0.7291,0.5279,1.6474,14,7,7,July,2024
14:47:33,2024-07-07,Dogecoin,9,3856,118,300,149,0.7371712183910056,132670764299.0,132670764299.0,0.0,DOGE,0.10803277558807947,584300241.0,14332790906.0,1.0013,0.9565,0.8779,0.729,0.5278,1.6472,14,7,7,July,2024
14:47:55,2024-07-07,Dogecoin,9,3856,118,300,149,0.7371712183910056,132670764299.0,132670764299.0,0.0,DOGE,0.10799638014463532,584078320.0,14327962295.0,1.0009,0.9562,0.8776,0.7288,0.5276,1.6467,14,7,7,July,2024
14:48:18,2024-07-07,Dogecoin,9,3856,118,300,149,0.7371712183910056,132670764299.0,132670764299.0,0.0,DOGE,0.10797189164347881,583878231.0,14324713387.0,1.0007,0.956,0.8774,0.7286,0.5275,1.6463,14,7,7,July,2024
14:48:41,2024-07-07,Dogecoin,9,3856,118,300,149,0.7371712183910056,132670764299.0,132670764299.0,0.0,DOGE,0.10795814036301168,583723008.0,14322888994.0,1.0006,0.9558,0.8773,0.7285,0.5274,1.6461,14,7,7,July,2024
14:49:05,2024-07-07,Dogecoin,9,3856,118,300,149,0.7371712183910056,132670764299.0,132670764299.0,0.0,DOGE,0.10795078401329189,583608802.0,14321913021.0,1.0005,0.9558,0.8772,0.7285,0.5274,1.646,14,7,7,July,2024
14:49:27,2024-07-07,Dogecoin,9,3856,118,300,149,0.7371712183910056,132670764299.0,132670764299.0,0.0,DOGE,0.10791538716346254,583378618.0,14317216894.0,1.0002,0.9555,0.8769,0.7282,0.5272,1.6454,14,7,7,July,2024
14:49:50,2024-07-07,Dogecoin,9,3856,118,300,149,0.7371712183910056,132670764299.0,132670764299.0,0.0,DOGE,0.10786757380893579,583118256.0,14310873460.0,0.9997,0.955,0.8765,0.7279,0.527,1.6447,14,7,7,July,2024
14:50:13,2024-07-07,Dogecoin,9,3856,118,300,149,0.7371712183910056,132670764299.0,132670764299.0,0.0,DOGE,0.10781979990935979,582909340.0,14304535260.0,0.9993,0.9546,0.8761,0.7276,0.5268,1.644,14,7,7,July,2024
14:50:33,2024-07-07,Dogecoin,9,3856,118,300,149,0.7371712183910056,132670764299.0,132670764299.0,0.0,DOGE,0.10780389478884943,582801195.0,14302425116.0,0.9992,0.9545,0.876,0.7275,0.5267,1.6437,14,7,7,July,2024
14:50:59,2024-07-07,Dogecoin,9,3856,118,300,149,0.7371712183910056,132670764299.0,132670764299.0,0.0,DOGE,0.10775574284315645,582559587.0,14296036760.0,0.9965,0.9539,0.874,0.728,0.5291,1.6434,14,7,7,July,2024
14:51:19,2024-07-07,Dogecoin,9,3856,118,300,149,0.7371712183910056,132670764299.0,132670764299.0,0.0,DOGE,0.10773532964551785,582453416.0,14293328526.0,0.9964,0.9538,0.8738,0.7279,0.529,1.6431,14,7,7,July,2024
14:51:44,2024-07-07,Dogecoin,9,3856,118,300,149,0.7371712183910056,132670764299.0,132670764299.0,0.0,DOGE,0.10772096869276343,583157372.0,14291423247.0,0.9962,0.9536,0.8737,0.7278,0.5289,1.6428,14,7,7,July,2024
14:52:03,2024-07-07,Dogecoin,9,3856,118,300,149,0.7371712183910056,132670764299.0,132670764299.0,0.0,DOGE,0.10772096869276343,583157372.0,14291423247.0,0.9962,0.9536,0.8737,0.7278,0.5289,1.6428,14,7,7,July,2024
14:52:24,2024-07-07,Dogecoin,9,3856,118,300,149,0.7371712183910056,132670764299.0,132670764299.0,0.0,DOGE,0.1077918584546788,583539717.0,14300828246.0,0.9969,0.9543,0.8743,0.7283,0.5293,1.6439,14,7,7,July,2024
14:52:48,2024-07-07,Dogecoin,9,3856,118,300,149,0.7371712183910056,132670764299.0,132670764299.0,0.0,DOGE,0.10783153428758298,583707269.0,14306092069.0,0.9972,0.9546,0.8746,0.7285,0.5295,1.6445,14,7,7,July,2024
14:53:40,2024-07-07,Dogecoin,9,3856,118,300,149,0.7371712183910056,132670764299.0,132670764299.0,0.0,DOGE,0.10785907861178948,583823995.0,14309746396.0,0.9975,0.9548,0.8748,0.7287,0.5296,1.645,14,7,7,July,2024
14:54:05,2024-07-07,Dogecoin,9,3856,118,300,149,0.7371712183910056,132670764299.0,132670764299.0,0.0,DOGE,0.10788335761289279,583871102.0,14312967509.0,0.9977,0.9551,0.875,0.7289,0.5297,1.6453,14,7,7,July,2024
14:54:32,2024-07-07,Dogecoin,9,3856,118,300,149,0.7371712183910056,132670764299.0,132670764299.0,0.0,DOGE,0.10788479578659639,583863295.0,14313158313.0,0.9977,0.9551,0.875,0.7289,0.5297,1.6453,14,7,7,July,2024
14:55:02,2024-07-07,Dogecoin,9,3856,118,300,149,0.7371712183910056,132670764299.0,132670764299.0,0.0,DOGE,0.10789345964911772,583778870.0,14314307754.0,0.9978,0.9552,0.8751,0.729,0.5298,1.6455,14,7,7,July,2024
14:55:26,2024-07-07,Dogecoin,9,3856,118,300,149,0.7371712183910056,132670764299.0,132670764299.0,0.0,DOGE,0.10789510150378567,583750928.0,14314525580.0,0.9978,0.9552,0.8751,0.729,0.5298,1.6455,14,7,7,July,2024
14:55:48,2024-07-07,Dogecoin,9,3856,118,300,149,0.7371712183910056,132670764299.0,132670764299.0,0.0,DOGE,0.10790267068886676,583623524.0,14315529790.0,0.9979,0.9552,0.8752,0.729,0.5298,1.6456,14,7,7,July,2024
14:56:13,2024-07-07,Dogecoin,9,3856,118,300,149,0.7371712183910056,132670764299.0,132670764299.0,0.0,DOGE,0.10792429495124686,583746413.0,14318398697.0,0.9931,0.9537,0.875,0.7293,0.5315,1.6467,14,7,7,July,2024
14:56:37,2024-07-07,Dogecoin,9,3856,118,300,149,0.7371712183910056,132670764299.0,132670764299.0,0.0,DOGE,0.10799859405895716,584217727.0,14328256017.0,0.9938,0.9543,0.8756,0.7298,0.5318,1.6478,14,7,7,July,2024
14:56:58,2024-07-07,Dogecoin,9,3856,118,300,149,0.7371712183910056,132670764299.0,132670764299.0,0.0,DOGE,0.10799394757990421,584099791.0,14327639565.0,0.9937,0.9543,0.8755,0.7297,0.5318,1.6477,14,7,7,July,2024
14:57:27,2024-07-07,Dogecoin,9,3856,118,300,149,0.7371712183910056,132670764299.0,132670764299.0,0.0,DOGE,0.10798357898524173,584111841.0,14326263955.0,0.9936,0.9542,0.8755,0.7297,0.5318,1.6476,14,7,7,July,2024
14:57:43,2024-07-07,Dogecoin,9,3856,118,300,149,0.7371712183910056,132670764299.0,132670764299.0,0.0,DOGE,0.10796123783558326,583919302.0,14323299938.0,0.9934,0.954,0.8753,0.7295,0.5317,1.6472,14,7,7,July,2024
14:58:04,2024-07-07,Dogecoin,9,3856,118,300,149,0.7371712183910056,132670764299.0,132670764299.0,0.0,DOGE,0.10794309024658028,583736114.0,14320892283.0,0.9933,0.9538,0.8751,0.7294,0.5316,1.6469,14,7,7,July,2024
14:58:28,2024-07-07,Dogecoin,9,3856,118,300,149,0.7371712183910056,132670764299.0,132670764299.0,0.0,DOGE,0.107907289692781,583522008.0,14316142596.0,0.9929,0.9535,0.8748,0.7291,0.5314,1.6464,14,7,7,July,2024
14:58:51,2024-07-07,Dogecoin,9,3856,118,300,149,0.7371712183910056,132670764299.0,132670764299.0,0.0,DOGE,0.10788682078651476,583432349.0,14313426971.0,0.9928,0.9533,0.8747,0.729,0.5313,1.6461,14,7,7,July,2024
14:59:14,2024-07-07,Dogecoin,9,3856,118,299,148,0.7371712183910056,132670764299.0,132670764299.0,0.0,DOGE,0.10790165252029432,583505765.0,14315394708.0,0.9929,0.9535,0.8748,0.7291,0.5314,1.6463,14,7,7,July,2024
14:59:37,2024-07-07,Dogecoin,9,3856,118,299,148,0.7371712183910056,132670764299.0,132670764299.0,0.0,DOGE,0.10791365693670744,583520057.0,14316987344.0,0.993,0.9536,0.8749,0.7292,0.5314,1.6465,14,7,7,July,2024
15:00:00,2024-07-07,Dogecoin,9,3856,118,299,148,0.7371712183910056,132670764299.0,132670764299.0,0.0,DOGE,0.10793269155920979,583619507.0,14319512682.0,0.9932,0.9537,0.875,0.7293,0.5315,1.6468,15,7,7,July,2024
15:00:49,2024-07-07,Dogecoin,9,3856,118,299,148,0.7371712183910056,132670764299.0,132670764299.0,0.0,DOGE,0.10793501597747153,583632056.0,14319821064.0,0.9932,0.9538,0.8751,0.7293,0.5315,1.6468,15,7,7,July,2024
15:02:01,2024-07-07,Dogecoin,9,3856,118,299,148,0.7371712183910056,132670764299.0,132670764299.0,0.0,DOGE,0.10787418621471564,582623296.0,14311750733.0,0.991,0.9533,0.8729,0.7303,0.5315,1.6455,15,7,7,July,2024
15:02:40,2024-07-07,Dogecoin,9,3856,118,299,148,0.7371712183910056,132670764299.0,132670764299.0,0.0,DOGE,0.10784653298911642,582364244.0,14308081958.0,0.9908,0.953,0.8727,0.7301,0.5314,1.6451,15,7,7,July,2024
15:02:59,2024-07-07,Dogecoin,9,3856,118,299,148,0.7371712183910056,132670764299.0,132670764299.0,0.0,DOGE,0.10781018639330732,582134140.0,14303259828.0,0.9904,0.9527,0.8724,0.7299,0.5312,1.6445,15,7,7,July,2024
15:03:25,2024-07-07,Dogecoin,9,3856,118,299,148,0.7371712183910056,132670764299.0,132670764299.0,0.0,DOGE,0.10774684580008609,581834733.0,14294856383.0,0.9899,0.9522,0.8719,0.7295,0.5309,1.6435,15,7,7,July,2024
15:03:44,2024-07-07,Dogecoin,9,3856,118,299,148,0.7371712183910056,132670764299.0,132670764299.0,0.0,DOGE,0.10774242577857655,581777730.0,14294269975.0,0.9898,0.9521,0.8719,0.7294,0.5309,1.6435,15,7,7,July,2024
15:04:05,2024-07-07,Dogecoin,9,3856,118,299,148,0.7371712183910056,132670764299.0,132670764299.0,0.0,DOGE,0.10774130851166178,581661836.0,14294121746.0,0.9898,0.9521,0.8719,0.7294,0.5309,1.6435,15,7,7,July,2024
15:04:29,2024-07-07,Dogecoin,9,3856,118,298,147,0.7371712183910056,132670764299.0,132670764299.0,0.0,DOGE,0.10771881784692991,581572499.0,14291137893.0,0.9896,0.9519,0.8717,0.7293,0.5308,1.6431,15,7,7,July,2024
15:04:54,2024-07-07,Dogecoin,9,3856,118,298,147,0.7371712183910056,132670764299.0,132670764299.0,0.0,DOGE,0.1077226876672598,581491234.0,14291651305.0,0.9896,0.9519,0.8717,0.7293,0.5308,1.6432,15,7,7,July,2024
15:05:13,2024-07-07,Dogecoin,9,3856,118,298,147,0.7371712183910056,132670764299.0,132670764299.0,0.0,DOGE,0.10773868165394518,581483026.0,14293773239.0,0.9898,0.9521,0.8718,0.7294,0.5309,1.6434,15,7,7,July,2024
15:05:52,2024-07-07,Dogecoin,9,3856,118,298,147,0.7371712183910056,132670764299.0,132670764299.0,0.0,DOGE,0.10777243282535558,581628047.0,14298251033.0,0.9902,0.9536,0.8729,0.7349,0.5308,1.6427,15,7,7,July,2024
15:06:57,2024-07-07,Dogecoin,9,3856,118,298,147,0.7371712183910056,132670764299.0,132670764299.0,0.0,DOGE,0.10770886010805317,581212645.0,14289816792.0,0.9896,0.953,0.8724,0.7345,0.5305,1.6417,15,7,7,July,2024
15:07:34,2024-07-07,Dogecoin,9,3856,118,298,147,0.7371712183910056,132670764299.0,132670764299.0,0.0,DOGE,0.10772709986614368,581205109.0,14292236674.0,0.9898,0.9532,0.8725,0.7346,0.5305,1.642,15,7,7,July,2024
15:07:58,2024-07-07,Dogecoin,9,3856,118,298,147,0.7371712183910056,132670764299.0,132670764299.0,0.0,DOGE,0.10773147406948592,581148757.0,14292817003.0,0.9898,0.9532,0.8726,0.7346,0.5306,1.642,15,7,7,July,2024
15:08:24,2024-07-07,Dogecoin,9,3856,118,298,147,0.7371712183910056,132670764299.0,132670764299.0,0.0,DOGE,0.10775066563304408,581162237.0,14295363163.0,0.99,0.9534,0.8727,0.7347,0.5307,1.6423,15,7,7,July,2024
15:08:44,2024-07-07,Dogecoin,9,3856,118,298,147,0.7371712183910056,132670764299.0,132670764299.0,0.0,DOGE,0.10775063925076594,581110321.0,14295359663.0,0.99,0.9534,0.8727,0.7347,0.5307,1.6423,15,7,7,July,2024
15:09:05,2024-07-07,Dogecoin,9,3856,118,298,147,0.7371712183910056,132670764299.0,132670764299.0,0.0,DOGE,0.10780941886602449,581302602.0,14303157999.0,0.9905,0.9539,0.8732,0.7351,0.531,1.6432,15,7,7,July,2024
15:09:28,2024-07-07,Dogecoin,9,3856,118,298,147,0.7371712183910056,132670764299.0,132670764299.0,0.0,DOGE,0.10782133068427802,581345495.0,14304738349.0,0.9906,0.954,0.8733,0.7352,0.531,1.6434,15,7,7,July,2024
15:09:50,2024-07-07,Dogecoin,9,3856,118,298,147,0.7371712183910056,132670764299.0,132670764299.0,0.0,DOGE,0.10785670328506948,581560063.0,14309431259.0,0.9909,0.9543,0.8736,0.7355,0.5312,1.6439,15,7,7,July,2024
15:10:12,2024-07-07,Dogecoin,9,3856,118,298,147,0.7371712183910056,132670764299.0,132670764299.0,0.0,DOGE,0.1078584607630746,581500846.0,14309664425.0,0.991,0.9543,0.8736,0.7355,0.5312,1.644,15,7,7,July,2024
15:10:43,2024-07-07,Dogecoin,9,3856,118,298,147,0.7371712183910056,132670764299.0,132670764299.0,0.0,DOGE,0.10786141288222681,581465805.0,14310056085.0,0.991,0.9544,0.8736,0.7355,0.5312,1.644,15,7,7,July,2024
15:11:03,2024-07-07,Dogecoin,9,3856,118,298,147,0.7371712183910056,132670764299.0,132670764299.0,0.0,DOGE,0.1078553877559926,581358863.0,14309256727.0,0.9881,0.9566,0.8745,0.7343,0.5309,1.6425,15,7,7,July,2024
15:11:24,2024-07-07,Dogecoin,9,3856,118,298,147,0.7371712183910056,132670764299.0,132670764299.0,0.0,DOGE,0.10784952729809896,581255154.0,14308479215.0,0.988,0.9565,0.8745,0.7343,0.5309,1.6424,15,7,7,July,2024
15:11:46,2024-07-07,Dogecoin,9,3856,118,298,147,0.7371712183910056,132670764299.0,132670764299.0,0.0,DOGE,0.1078638432780316,581421050.0,14310378527.0,0.9881,0.9567,0.8746,0.7343,0.531,1.6426,15,7,7,July,2024
15:12:08,2024-07-07,Dogecoin,9,3856,118,298,147,0.7371712183910056,132670764299.0,132670764299.0,0.0,DOGE,0.1078643545914248,581335895.0,14310446364.0,0.9881,0.9567,0.8746,0.7344,0.531,1.6426,15,7,7,July,2024
15:12:34,2024-07-07,Dogecoin,9,3856,118,298,147,0.7371712183910056,132670764299.0,132670764299.0,0.0,DOGE,0.10788217878491685,581428535.0,14312811113.0,0.9883,0.9568,0.8747,0.7345,0.5311,1.6429,15,7,7,July,2024
15:12:57,2024-07-07,Dogecoin,9,3856,118,298,147,0.7371712183910056,132670764299.0,132670764299.0,0.0,DOGE,0.1078948576287902,581435911.0,14314493225.0,0.9884,0.9569,0.8748,0.7346,0.5311,1.6431,15,7,7,July,2024
15:13:13,2024-07-07,Dogecoin,9,3856,118,298,147,0.7371712183910056,132670764299.0,132670764299.0,0.0,DOGE,0.10789922622296501,581351364.0,14315072810.0,0.9885,0.957,0.8749,0.7346,0.5312,1.6431,15,7,7,July,2024
15:13:34,2024-07-07,Dogecoin,9,3856,118,298,147,0.7371712183910056,132670764299.0,132670764299.0,0.0,DOGE,0.10791677113500607,581403773.0,14317400507.0,0.9886,0.9571,0.875,0.7347,0.5312,1.6434,15,7,7,July,2024
15:13:56,2024-07-07,Dogecoin,9,3856,118,298,147,0.7371712183910056,132670764299.0,132670764299.0,0.0,DOGE,0.10793145386648069,581443863.0,14319348476.0,0.9887,0.9573,0.8751,0.7348,0.5313,1.6436,15,7,7,July,2024
15:14:15,2024-07-07,Dogecoin,9,3856,118,298,147,0.7371712183910056,132670764299.0,132670764299.0,0.0,DOGE,0.10793474177734555,581378400.0,14319784686.0,0.9888,0.9573,0.8752,0.7348,0.5313,1.6437,15,7,7,July,2024
15:14:36,2024-07-07,Dogecoin,9,3856,118,298,147,0.7371712183910056,132670764299.0,132670764299.0,0.0,DOGE,0.1079529303773212,581500944.0,14322197781.0,0.9889,0.9575,0.8753,0.735,0.5314,1.644,15,7,7,July,2024
15:15:00,2024-07-07,Dogecoin,9,3856,118,298,147,0.7371712183910056,132670764299.0,132670764299.0,0.0,DOGE,0.10795749509089632,581466464.0,14322803385.0,0.989,0.9575,0.8754,0.735,0.5314,1.644,15,7,7,July,2024
15:15:21,2024-07-07,Dogecoin,9,3856,118,298,147,0.7371712183910056,132670764299.0,132670764299.0,0.0,DOGE,0.10796553201403356,581457057.0,14323869650.0,0.9891,0.9576,0.8754,0.735,0.5315,1.6442,15,7,7,July,2024
15:15:46,2024-07-07,Dogecoin,9,3856,118,298,147,0.7371712183910056,132670764299.0,132670764299.0,0.0,DOGE,0.10798564668166206,581503478.0,14326538278.0,0.9892,0.9577,0.8756,0.7352,0.5316,1.6445,15,7,7,July,2024
15:16:11,2024-07-07,Dogecoin,9,3856,118,298,147,0.7371712183910056,132670764299.0,132670764299.0,0.0,DOGE,0.10799733464230801,581498130.0,14328088929.0,0.9906,0.9579,0.8756,0.7305,0.5321,1.6464,15,7,7,July,2024
15:16:32,2024-07-07,Dogecoin,9,3856,118,298,147,0.7371712183910056,132670764299.0,132670764299.0,0.0,DOGE,0.1080649956710189,582037296.0,14337065569.0,0.9913,0.9585,0.8762,0.7309,0.5324,1.6474,15,7,7,July,2024
15:16:55,2024-07-07,Dogecoin,9,3856,118,298,147,0.7371712183910056,132670764299.0,132670764299.0,0.0,DOGE,0.10810437624612745,582240360.0,14342290220.0,0.9916,0.9588,0.8765,0.7312,0.5326,1.648,15,7,7,July,2024
15:17:16,2024-07-07,Dogecoin,9,3856,118,298,147,0.7371712183910056,132670764299.0,132670764299.0,0.0,DOGE,0.10812752543313227,582320490.0,14345361440.0,0.9918,0.9591,0.8767,0.7314,0.5327,1.6484,15,7,7,July,2024
15:17:37,2024-07-07,Dogecoin,9,3856,118,298,147,0.7371712183910056,132670764299.0,132670764299.0,0.0,DOGE,0.10811777041953702,582216630.0,14344067235.0,0.9918,0.959,0.8766,0.7313,0.5326,1.6482,15,7,7,July,2024
15:17:58,2024-07-07,Dogecoin,9,3856,118,298,147,0.7371712183910056,132670764299.0,132670764299.0,0.0,DOGE,0.1080900967890004,581970706.0,14340395754.0,0.9915,0.9587,0.8764,0.7311,0.5325,1.6478,15,7,7,July,2024
15:18:20,2024-07-07,Dogecoin,9,3856,118,298,147,0.7371712183910056,132670764299.0,132670764299.0,0.0,DOGE,0.10803860357890203,581669824.0,14333564110.0,0.991,0.9583,0.8759,0.7307,0.5323,1.647,15,7,7,July,2024
15:18:44,2024-07-07,Dogecoin,9,3856,118,298,147,0.7371712183910056,132670764299.0,132670764299.0,0.0,DOGE,0.10800952378750767,581481971.0,14329706072.0,0.9908,0.958,0.8757,0.7306,0.5321,1.6466,15,7,7,July,2024
15:19:07,2024-07-07,Dogecoin,9,3856,118,298,147,0.7371712183910056,132670764299.0,132670764299.0,0.0,DOGE,0.10798959101368068,581283185.0,14327061576.0,0.9906,0.9578,0.8756,0.7304,0.532,1.6463,15,7,7,July,2024
15:19:30,2024-07-07,Dogecoin,9,3856,118,298,147,0.7371712183910056,132670764299.0,132670764299.0,0.0,DOGE,0.10795986765189299,581114325.0,14323118154.0,0.9903,0.9576,0.8753,0.7302,0.5319,1.6458,15,7,7,July,2024
15:19:53,2024-07-07,Dogecoin,9,3856,118,298,147,0.7371712183910056,132670764299.0,132670764299.0,0.0,DOGE,0.10791803263343076,580917173.0,14317567871.0,0.9899,0.9572,0.875,0.7299,0.5317,1.6452,15,7,7,July,2024
15:20:22,2024-07-07,Dogecoin,9,3856,118,298,147,0.7371712183910056,132670764299.0,132670764299.0,0.0,DOGE,0.10791697350510189,580892488.0,14317427355.0,0.9899,0.9572,0.875,0.7299,0.5317,1.6451,15,7,7,July,2024
15:20:44,2024-07-07,Dogecoin,9,3856,118,298,147,0.7371712183910056,132670764299.0,132670764299.0,0.0,DOGE,0.10793388963949702,580901013.0,14319671632.0,0.9901,0.9573,0.8751,0.73,0.5317,1.6454,15,7,7,July,2024
15:21:04,2024-07-07,Dogecoin,9,3856,118,298,147,0.7371712183910056,132670764299.0,132670764299.0,0.0,DOGE,0.1079367317105565,580836828.0,14320048691.0,0.9901,0.9574,0.8751,0.7301,0.5318,1.6455,15,7,7,July,2024
15:21:26,2024-07-07,Dogecoin,9,3856,118,298,147,0.7371712183910056,132670764299.0,132670764299.0,0.0,DOGE,0.10792155648974247,580679120.0,14318035383.0,0.9919,0.9549,0.8738,0.7313,0.5328,1.647,15,7,7,July,2024
15:21:48,2024-07-07,Dogecoin,9,3856,118,298,147,0.7371712183910056,132670764299.0,132670764299.0,0.0,DOGE,0.10783812826310701,580464830.0,14306966897.0,0.9912,0.9541,0.8731,0.7307,0.5324,1.6457,15,7,7,July,2024
15:22:09,2024-07-07,Dogecoin,9,3856,118,298,147,0.7371712183910056,132670764299.0,132670764299.0,0.0,DOGE,0.10782519199042725,580300992.0,14305250632.0,0.9911,0.954,0.873,0.7306,0.5323,1.6455,15,7,7,July,2024
15:22:30,2024-07-07,Dogecoin,9,3856,118,298,147,0.7371712183910056,132670764299.0,132670764299.0,0.0,DOGE,0.10780806407578242,580241360.0,14302978258.0,0.9909,0.9539,0.8729,0.7305,0.5323,1.6453,15,7,7,July,2024
15:22:51,2024-07-07,Dogecoin,9,3856,118,298,147,0.7371712183910056,132670764299.0,132670764299.0,0.0,DOGE,0.10781409488914681,580197344.0,14303778371.0,0.991,0.9539,0.8729,0.7306,0.5323,1.6453,15,7,7,July,2024
15:23:12,2024-07-07,Dogecoin,9,3856,118,298,147,0.7371712183910056,132670764299.0,132670764299.0,0.0,DOGE,0.1078120852283863,580128604.0,14303511747.0,0.9909,0.9539,0.8729,0.7306,0.5323,1.6453,15,7,7,July,2024
15:24:42,2024-07-07,Dogecoin,9,3856,118,298,147,0.7371712183910056,132670764299.0,132670764299.0,0.0,DOGE,0.107672456100262,579228274.0,14284987044.0,0.9897,0.9527,0.8718,0.7296,0.5316,1.6432,15,7,7,July,2024
15:25:05,2024-07-07,Dogecoin,9,3856,118,298,147,0.7371712183910056,132670764299.0,132670764299.0,0.0,DOGE,0.10765168007135023,579019408.0,14282230673.0,0.9895,0.9525,0.8716,0.7295,0.5315,1.6429,15,7,7,July,2024
15:25:28,2024-07-07,Dogecoin,9,3856,118,298,147,0.7371712183910056,132670764299.0,132670764299.0,0.0,DOGE,0.10765972033184087,579078001.0,14283297380.0,0.9895,0.9526,0.8717,0.7295,0.5315,1.643,15,7,7,July,2024
15:25:50,2024-07-07,Dogecoin,9,3856,118,298,147,0.7371712183910056,132670764299.0,132670764299.0,0.0,DOGE,0.10766546400062592,579165136.0,14284059397.0,0.9915,0.9522,0.8719,0.7283,0.5323,1.647,15,7,7,July,2024
15:26:11,2024-07-07,Dogecoin,9,3856,118,298,147,0.7371712183910056,132670764299.0,132670764299.0,0.0,DOGE,0.10767426113149625,579187575.0,14285226519.0,0.9916,0.9522,0.8719,0.7283,0.5324,1.6471,15,7,7,July,2024
15:26:39,2024-07-07,Dogecoin,9,3856,118,298,147,0.7371712183910056,132670764299.0,132670764299.0,0.0,DOGE,0.10767482363598377,579633554.0,14285301147.0,0.9916,0.9523,0.8719,0.7283,0.5324,1.6471,15,7,7,July,2024
15:27:06,2024-07-07,Dogecoin,9,3856,118,298,147,0.7371712183910056,132670764299.0,132670764299.0,0.0,DOGE,0.10769824603216309,579721226.0,14288408614.0,0.9918,0.9525,0.8721,0.7285,0.5325,1.6475,15,7,7,July,2024
15:27:27,2024-07-07,Dogecoin,9,3856,118,298,147,0.7371712183910056,132670764299.0,132670764299.0,0.0,DOGE,0.10770015787439531,579823695.0,14288662260.0,0.9919,0.9525,0.8721,0.7285,0.5325,1.6475,15,7,7,July,2024
15:27:50,2024-07-07,Dogecoin,9,3856,118,298,147,0.7371712183910056,132670764299.0,132670764299.0,0.0,DOGE,0.10771955735997227,579881781.0,14291236004.0,0.992,0.9526,0.8723,0.7286,0.5326,1.6478,15,7,7,July,2024
15:29:00,2024-07-07,Dogecoin,9,3856,118,298,147,0.7371712183910056,132670764299.0,132670764299.0,0.0,DOGE,0.10773095547416818,579858611.0,14292748201.0,0.9921,0.9527,0.8724,0.7287,0.5326,1.648,15,7,7,July,2024
15:29:24,2024-07-07,Dogecoin,9,3856,118,298,147,0.7371712183910056,132670764299.0,132670764299.0,0.0,DOGE,0.10773594571397875,579826194.0,14293410260.0,0.9922,0.9528,0.8724,0.7287,0.5327,1.6481,15,7,7,July,2024
15:29:44,2024-07-07,Dogecoin,9,3856,118,299,147,0.7371712183910056,132670764299.0,132670764299.0,0.0,DOGE,0.10776264532284967,579960315.0,14296952517.0,0.9924,0.953,0.8726,0.7289,0.5328,1.6485,15,7,7,July,2024
15:30:06,2024-07-07,Dogecoin,9,3856,118,299,147,0.7371712183910056,132670764299.0,132670764299.0,0.0,DOGE,0.10777992991316995,579953176.0,14299245677.0,0.9926,0.9532,0.8728,0.729,0.5329,1.6487,15,7,7,July,2024
15:30:29,2024-07-07,Dogecoin,9,3856,118,299,147,0.7371712183910056,132670764299.0,132670764299.0,0.0,DOGE,0.10780867151579134,580194669.0,14303058848.0,0.9929,0.9534,0.873,0.7292,0.533,1.6492,15,7,7,July,2024
15:30:57,2024-07-07,Dogecoin,9,3856,118,299,147,0.7371712183910056,132670764299.0,132670764299.0,0.0,DOGE,0.10782013360877067,580195123.0,14304579532.0,0.9957,0.9556,0.8728,0.7258,0.5325,1.6482,15,7,7,July,2024
15:31:17,2024-07-07,Dogecoin,9,3856,118,299,147,0.7371712183910056,132670764299.0,132670764299.0,0.0,DOGE,0.10782028310656812,580147292.0,14304599366.0,0.9957,0.9556,0.8728,0.7258,0.5325,1.6482,15,7,7,July,2024
15:31:41,2024-07-07,Dogecoin,9,3856,118,299,147,0.7371712183910056,132670764299.0,132670764299.0,0.0,DOGE,0.10780053024248287,580266596.0,14301978739.0,0.9955,0.9554,0.8727,0.7257,0.5324,1.6479,15,7,7,July,2024
15:32:01,2024-07-07,Dogecoin,9,3856,118,299,147,0.7371712183910056,132670764299.0,132670764299.0,0.0,DOGE,0.10780162033092988,580189327.0,14302123361.0,0.9956,0.9554,0.8727,0.7257,0.5324,1.6479,15,7,7,July,2024
15:32:24,2024-07-07,Dogecoin,9,3856,118,299,147,0.7371712183910056,132670764299.0,132670764299.0,0.0,DOGE,0.10783840017862056,580371167.0,14307002972.0,0.9959,0.9558,0.873,0.7259,0.5326,1.6484,15,7,7,July,2024
15:32:48,2024-07-07,Dogecoin,9,3856,118,299,147,0.7371712183910056,132670764299.0,132670764299.0,0.0,DOGE,0.10785696407754425,580353978.0,14309465859.0,0.9961,0.9559,0.8731,0.726,0.5327,1.6487,15,7,7,July,2024
15:33:10,2024-07-07,Dogecoin,9,3856,118,299,147,0.7371712183910056,132670764299.0,132670764299.0,0.0,DOGE,0.10786478476812011,580335539.0,14310503436.0,0.9961,0.956,0.8732,0.7261,0.5327,1.6488,15,7,7,July,2024
15:33:33,2024-07-07,Dogecoin,9,3856,118,299,147,0.7371712183910056,132670764299.0,132670764299.0,0.0,DOGE,0.10785396434840133,580227178.0,14309067882.0,0.996,0.9559,0.8731,0.726,0.5326,1.6487,15,7,7,July,2024
15:34:00,2024-07-07,Dogecoin,9,3856,118,299,147,0.7371712183910056,132670764299.0,132670764299.0,0.0,DOGE,0.1078457255027025,580065702.0,14307974828.0,0.996,0.9558,0.873,0.726,0.5326,1.6485,15,7,7,July,2024
15:34:20,2024-07-07,Dogecoin,9,3856,118,299,147,0.7371712183910056,132670764299.0,132670764299.0,0.0,DOGE,0.10783676687754641,579972741.0,14306786281.0,0.9959,0.9558,0.873,0.7259,0.5326,1.6484,15,7,7,July,2024
15:34:43,2024-07-07,Dogecoin,9,3856,118,299,147,0.7371712183910056,132670764299.0,132670764299.0,0.0,DOGE,0.10781443776622988,579717096.0,14303823860.0,0.9957,0.9556,0.8728,0.7257,0.5324,1.6481,15,7,7,July,2024
15:35:07,2024-07-07,Dogecoin,9,3856,118,299,147,0.7371712183910056,132670764299.0,132670764299.0,0.0,DOGE,0.10780747308975692,579577131.0,14302899851.0,0.9956,0.9555,0.8727,0.7257,0.5324,1.648,15,7,7,July,2024
15:35:54,2024-07-07,Dogecoin,9,3856,118,299,147,0.7371712183910056,132670764299.0,132670764299.0,0.0,DOGE,0.10786239370831247,579802934.0,14310186212.0,0.9961,0.956,0.8732,0.7261,0.5327,1.6488,15,7,7,July,2024
15:36:15,2024-07-07,Dogecoin,9,3856,118,299,147,0.7371712183910056,132670764299.0,132670764299.0,0.0,DOGE,0.10786248139015704,579688525.0,14310197845.0,0.9965,0.9552,0.8734,0.7249,0.5333,1.6503,15,7,7,July,2024
15:36:40,2024-07-07,Dogecoin,9,3856,118,299,147,0.7371712183910056,132670764299.0,132670764299.0,0.0,DOGE,0.10786205905372095,579472548.0,14310141813.0,0.9965,0.9552,0.8734,0.7249,0.5333,1.6503,15,7,7,July,2024
15:37:00,2024-07-07,Dogecoin,9,3856,118,299,147,0.7371712183910056,132670764299.0,132670764299.0,0.0,DOGE,0.10786205905372095,579472548.0,14310141813.0,0.9965,0.9552,0.8734,0.7249,0.5333,1.6503,15,7,7,July,2024
15:37:33,2024-07-07,Dogecoin,9,3856,118,299,147,0.7371712183910056,132670764299.0,132670764299.0,0.0,DOGE,0.10786390705552092,579267430.0,14310386989.0,0.9965,0.9552,0.8734,0.7249,0.5333,1.6504,15,7,7,July,2024
15:38:12,2024-07-07,Dogecoin,9,3856,118,299,147,0.7371712183910056,132670764299.0,132670764299.0,0.0,DOGE,0.10787370199620488,579118403.0,14311686491.0,0.9966,0.9553,0.8735,0.725,0.5334,1.6505,15,7,7,July,2024
15:38:34,2024-07-07,Dogecoin,9,3856,118,299,147,0.7371712183910056,132670764299.0,132670764299.0,0.0,DOGE,0.10785723594056686,578979490.0,14309501927.0,0.9965,0.9551,0.8733,0.7249,0.5333,1.6503,15,7,7,July,2024
15:38:55,2024-07-07,Dogecoin,9,3856,118,299,147,0.7371712183910056,132670764299.0,132670764299.0,0.0,DOGE,0.10786412981720364,578978470.0,14310416543.0,0.9965,0.9552,0.8734,0.7249,0.5333,1.6504,15,7,7,July,2024
15:39:49,2024-07-07,Dogecoin,9,3856,118,299,147,0.7371712183910056,132670764299.0,132670764299.0,0.0,DOGE,0.10790639422709403,579166508.0,14316023794.0,0.9969,0.9556,0.8737,0.7252,0.5335,1.651,15,7,7,July,2024
15:40:12,2024-07-07,Dogecoin,9,3856,118,299,147,0.7371712183910056,132670764299.0,132670764299.0,0.0,DOGE,0.10790889992218503,579161657.0,14316356227.0,0.9969,0.9556,0.8737,0.7252,0.5335,1.651,15,7,7,July,2024
15:40:34,2024-07-07,Dogecoin,9,3856,118,299,147,0.7371712183910056,132670764299.0,132670764299.0,0.0,DOGE,0.10791291585531596,579166943.0,14316889024.0,0.997,0.9556,0.8738,0.7252,0.5336,1.6511,15,7,7,July,2024
15:40:59,2024-07-07,Dogecoin,9,3856,118,299,147,0.7371712183910056,132670764299.0,132670764299.0,0.0,DOGE,0.10791889444234218,579176784.0,14317682207.0,0.997,0.9557,0.8738,0.7253,0.5336,1.6512,15,7,7,July,2024
15:41:25,2024-07-07,Dogecoin,9,3856,118,299,147,0.7371712183910056,132670764299.0,132670764299.0,0.0,DOGE,0.1079382583804283,579283122.0,14320251236.0,0.9981,0.9561,0.8736,0.724,0.5353,1.6514,15,7,7,July,2024
15:41:47,2024-07-07,Dogecoin,9,3856,118,299,147,0.7371712183910056,132670764299.0,132670764299.0,0.0,DOGE,0.10798095281676405,579802534.0,14325915539.0,0.9985,0.9564,0.874,0.7243,0.5356,1.652,15,7,7,July,2024
15:42:10,2024-07-07,Dogecoin,9,3856,118,299,147,0.7371712183910056,132670764299.0,132670764299.0,0.0,DOGE,0.10798769623513636,579823460.0,14326810194.0,0.9986,0.9565,0.874,0.7243,0.5356,1.6521,15,7,7,July,2024
15:42:31,2024-07-07,Dogecoin,9,3856,118,299,147,0.7371712183910056,132670764299.0,132670764299.0,0.0,DOGE,0.10798655525187556,579890540.0,14326658819.0,0.9986,0.9565,0.874,0.7243,0.5356,1.6521,15,7,7,July,2024
15:42:55,2024-07-07,Dogecoin,9,3856,118,299,147,0.7371712183910056,132670764299.0,132670764299.0,0.0,DOGE,0.1079997818033132,579882650.0,14328413595.0,0.9987,0.9566,0.8741,0.7244,0.5357,1.6523,15,7,7,July,2024
15:43:17,2024-07-07,Dogecoin,9,3856,118,299,147,0.7371712183910056,132670764299.0,132670764299.0,0.0,DOGE,0.10801146438638176,579837965.0,14329963533.0,0.9988,0.9567,0.8742,0.7245,0.5357,1.6525,15,7,7,July,2024
15:43:38,2024-07-07,Dogecoin,9,3856,118,299,147,0.7371712183910056,132670764299.0,132670764299.0,0.0,DOGE,0.10800913943331214,579814700.0,14329655079.0,0.9988,0.9567,0.8742,0.7245,0.5357,1.6525,15,7,7,July,2024
15:43:59,2024-07-07,Dogecoin,9,3856,118,298,146,0.7371712183910056,132670764299.0,132670764299.0,0.0,DOGE,0.10799555487729383,579669630.0,14327852806.0,0.9987,0.9566,0.8741,0.7244,0.5356,1.6522,15,7,7,July,2024
15:44:33,2024-07-07,Dogecoin,9,3856,118,298,146,0.7371712183910056,132670764299.0,132670764299.0,0.0,DOGE,0.10797063811318233,579585236.0,14324547080.0,0.9984,0.9563,0.8739,0.7242,0.5355,1.6519,15,7,7,July,2024
15:44:59,2024-07-07,Dogecoin,9,3856,118,298,146,0.7371712183910056,132670764299.0,132670764299.0,0.0,DOGE,0.10793206121797362,579363856.0,14319429054.0,0.9981,0.956,0.8736,0.7239,0.5353,1.6513,15,7,7,July,2024
15:45:21,2024-07-07,Dogecoin,9,3856,118,298,146,0.7371712183910056,132670764299.0,132670764299.0,0.0,DOGE,0.10793360803647761,579295167.0,14319634271.0,0.9981,0.956,0.8736,0.724,0.5353,1.6513,15,7,7,July,2024
15:45:49,2024-07-07,Dogecoin,9,3856,118,298,146,0.7371712183910056,132670764299.0,132670764299.0,0.0,DOGE,0.10793592536913882,579283548.0,14319941714.0,0.999,0.9578,0.8732,0.7234,0.5366,1.6507,15,7,7,July,2024
15:46:11,2024-07-07,Dogecoin,9,3856,118,298,146,0.7371712183910056,132670764299.0,132670764299.0,0.0,DOGE,0.10793495960490102,579180065.0,14319813585.0,0.999,0.9578,0.8732,0.7234,0.5365,1.6507,15,7,7,July,2024
15:46:31,2024-07-07,Dogecoin,9,3856,118,298,146,0.7371712183910056,132670764299.0,132670764299.0,0.0,DOGE,0.10794190293411506,579185975.0,14320734762.0,0.999,0.9578,0.8732,0.7234,0.5366,1.6508,15,7,7,July,2024
15:46:52,2024-07-07,Dogecoin,9,3856,118,298,146,0.7371712183910056,132670764299.0,132670764299.0,0.0,DOGE,0.10796303862427369,579578887.0,14323538850.0,0.9992,0.958,0.8734,0.7235,0.5367,1.6511,15,7,7,July,2024
15:47:14,2024-07-07,Dogecoin,9,3856,118,298,146,0.7371712183910056,132670764299.0,132670764299.0,0.0,DOGE,0.10797892933780823,579612574.0,14325647083.0,0.9994,0.9582,0.8735,0.7237,0.5368,1.6513,15,7,7,July,2024
15:47:44,2024-07-07,Dogecoin,9,3856,118,298,146,0.7371712183910056,132670764299.0,132670764299.0,0.0,DOGE,0.10799332411091873,579664312.0,14327556848.0,0.9995,0.9583,0.8736,0.7238,0.5368,1.6516,15,7,7,July,2024
15:48:04,2024-07-07,Dogecoin,9,3856,118,298,146,0.7371712183910056,132670764299.0,132670764299.0,0.0,DOGE,0.10800112417911534,579634070.0,14328591689.0,0.9996,0.9583,0.8737,0.7238,0.5369,1.6517,15,7,7,July,2024
15:48:22,2024-07-07,Dogecoin,9,3856,118,298,146,0.7371712183910056,132670764299.0,132670764299.0,0.0,DOGE,0.10802547547921684,579698543.0,14331822395.0,0.9998,0.9586,0.8739,0.724,0.537,1.6521,15,7,7,July,2024
15:48:48,2024-07-07,Dogecoin,9,3856,118,298,146,0.7371712183910056,132670764299.0,132670764299.0,0.0,DOGE,0.10803215789132875,579718433.0,14332708956.0,0.9999,0.9586,0.874,0.724,0.537,1.6522,15,7,7,July,2024
15:49:14,2024-07-07,Dogecoin,9,3856,118,298,146,0.7371712183910056,132670764299.0,132670764299.0,0.0,DOGE,0.10802754743783229,579609284.0,14332097283.0,0.9998,0.9586,0.8739,0.724,0.537,1.6521,15,7,7,July,2024
15:49:34,2024-07-07,Dogecoin,9,3856,118,298,146,0.7371712183910056,132670764299.0,132670764299.0,0.0,DOGE,0.10800942434514639,579511637.0,14329692879.0,0.9997,0.9584,0.8738,0.7239,0.5369,1.6518,15,7,7,July,2024
15:49:59,2024-07-07,Dogecoin,9,3856,118,298,146,0.7371712183910056,132670764299.0,132670764299.0,0.0,DOGE,0.10798239283921808,579347704.0,14326106588.0,0.9994,0.9582,0.8736,0.7237,0.5368,1.6514,15,7,7,July,2024
15:50:20,2024-07-07,Dogecoin,9,3856,118,298,146,0.7371712183910056,132670764299.0,132670764299.0,0.0,DOGE,0.10796283508121392,579281962.0,14323511846.0,0.9992,0.958,0.8734,0.7235,0.5367,1.6511,15,7,7,July,2024
15:50:42,2024-07-07,Dogecoin,9,3856,118,298,146,0.7371712183910056,132670764299.0,132670764299.0,0.0,DOGE,0.10795308042861342,579206542.0,14322217688.0,0.9991,0.9579,0.8733,0.7235,0.5366,1.6509,15,7,7,July,2024
15:51:02,2024-07-07,Dogecoin,9,3856,118,298,146,0.7371712183910056,132670764299.0,132670764299.0,0.0,DOGE,0.10794181785585127,579145729.0,14320723474.0,1.0011,0.9559,0.8734,0.7237,0.5358,1.652,15,7,7,July,2024
15:51:22,2024-07-07,Dogecoin,9,3856,118,298,146,0.7371712183910056,132670764299.0,132670764299.0,0.0,DOGE,0.10791856859161096,578971817.0,14317638977.0,1.0009,0.9557,0.8732,0.7236,0.5357,1.6517,15,7,7,July,2024
15:51:50,2024-07-07,Dogecoin,9,3856,118,298,146,0.7371712183910056,132670764299.0,132670764299.0,0.0,DOGE,0.1078203024276231,578725012.0,14304601930.0,1.0,0.9548,0.8724,0.7229,0.5352,1.6501,15,7,7,July,2024
15:52:09,2024-07-07,Dogecoin,9,3856,118,298,146,0.7371712183910056,132670764299.0,132670764299.0,0.0,DOGE,0.10779098180617828,578463064.0,14300711940.0,0.9997,0.9546,0.8722,0.7227,0.5351,1.6497,15,7,7,July,2024
15:52:33,2024-07-07,Dogecoin,9,3856,118,298,146,0.7371712183910056,132670764299.0,132670764299.0,0.0,DOGE,0.10779052951118698,578461927.0,14300651934.0,0.9997,0.9546,0.8722,0.7227,0.5351,1.6497,15,7,7,July,2024
15:52:54,2024-07-07,Dogecoin,9,3856,118,298,146,0.7371712183910056,132670764299.0,132670764299.0,0.0,DOGE,0.10780369925740864,578477472.0,14302399174.0,0.9998,0.9547,0.8723,0.7228,0.5352,1.6499,15,7,7,July,2024
15:53:19,2024-07-07,Dogecoin,9,3856,118,298,146,0.7371712183910056,132670764299.0,132670764299.0,0.0,DOGE,0.10780369925740864,578477472.0,14302399174.0,0.9998,0.9547,0.8723,0.7228,0.5352,1.6499,15,7,7,July,2024
15:53:38,2024-07-07,Dogecoin,9,3856,118,298,146,0.7371712183910056,132670764299.0,132670764299.0,0.0,DOGE,0.10781141469248018,578295364.0,14303422787.0,0.9999,0.9548,0.8724,0.7229,0.5352,1.65,15,7,7,July,2024
15:53:59,2024-07-07,Dogecoin,9,3856,118,298,146,0.7371712183910056,132670764299.0,132670764299.0,0.0,DOGE,0.10781141468127034,578243765.0,14303422785.0,0.9999,0.9548,0.8724,0.7229,0.5352,1.65,15,7,7,July,2024
15:54:21,2024-07-07,Dogecoin,9,3856,118,298,146,0.7371712183910056,132670764299.0,132670764299.0,0.0,DOGE,0.10781503310926663,578341215.0,14303902845.0,0.9999,0.9548,0.8724,0.7229,0.5352,1.6501,15,7,7,July,2024
15:54:42,2024-07-07,Dogecoin,9,3856,118,298,146,0.7371712183910056,132670764299.0,132670764299.0,0.0,DOGE,0.10781667424674732,578207793.0,14304120576.0,0.9999,0.9548,0.8724,0.7229,0.5352,1.6501,15,7,7,July,2024
15:55:03,2024-07-07,Dogecoin,9,3856,118,298,146,0.7371712183910056,132670764299.0,132670764299.0,0.0,DOGE,0.10787287153955451,578727211.0,14311576314.0,1.0004,0.9553,0.8729,0.7233,0.5355,1.651,15,7,7,July,2024
15:55:24,2024-07-07,Dogecoin,9,3856,118,298,146,0.7371712183910056,132670764299.0,132670764299.0,0.0,DOGE,0.1079050166545363,579012714.0,14315841031.0,1.0007,0.9556,0.8731,0.7235,0.5357,1.6514,15,7,7,July,2024
15:55:45,2024-07-07,Dogecoin,9,3856,118,298,146,0.7371712183910056,132670764299.0,132670764299.0,0.0,DOGE,0.1079100860351804,578998634.0,14316513589.0,1.0001,0.9548,0.8726,0.7248,0.5352,1.6526,15,7,7,July,2024
15:56:09,2024-07-07,Dogecoin,9,3856,118,298,146,0.7371712183910056,132670764299.0,132670764299.0,0.0,DOGE,0.10790799708546883,578977326.0,14316236447.0,1.0001,0.9548,0.8725,0.7248,0.5351,1.6526,15,7,7,July,2024
15:56:31,2024-07-07,Dogecoin,9,3856,118,298,146,0.7371712183910056,132670764299.0,132670764299.0,0.0,DOGE,0.10790706682377814,578840596.0,14316113028.0,1.0001,0.9547,0.8725,0.7248,0.5351,1.6525,15,7,7,July,2024
15:56:54,2024-07-07,Dogecoin,9,3856,118,298,146,0.7371712183910056,132670764299.0,132670764299.0,0.0,DOGE,0.10787301162733545,578746626.0,14311594899.0,0.9998,0.9544,0.8723,0.7246,0.535,1.652,15,7,7,July,2024
15:57:18,2024-07-07,Dogecoin,9,3856,118,298,146,0.7371712183910056,132670764299.0,132670764299.0,0.0,DOGE,0.10784534822394644,578507607.0,14307924774.0,0.9995,0.9542,0.872,0.7244,0.5348,1.6516,15,7,7,July,2024
15:57:39,2024-07-07,Dogecoin,9,3856,118,298,146,0.7371712183910056,132670764299.0,132670764299.0,0.0,DOGE,0.10784239556010451,578368308.0,14307533042.0,0.9995,0.9542,0.872,0.7244,0.5348,1.6515,15,7,7,July,2024
15:58:01,2024-07-07,Dogecoin,9,3856,118,298,146,0.7371712183910056,132670764299.0,132670764299.0,0.0,DOGE,0.1078686845695861,578567813.0,14311020825.0,0.9997,0.9544,0.8722,0.7245,0.5349,1.652,15,7,7,July,2024
15:58:25,2024-07-07,Dogecoin,9,3856,118,298,146,0.7371712183910056,132670764299.0,132670764299.0,0.0,DOGE,0.10787290937733773,578505395.0,14311581334.0,0.9998,0.9544,0.8723,0.7246,0.535,1.652,15,7,7,July,2024
15:58:45,2024-07-07,Dogecoin,9,3856,118,298,146,0.7371712183910056,132670764299.0,132670764299.0,0.0,DOGE,0.10787898514087958,578525273.0,14312387410.0,0.9998,0.9545,0.8723,0.7246,0.535,1.6521,15,7,7,July,2024
15:59:07,2024-07-07,Dogecoin,9,3856,118,298,146,0.7371712183910056,132670764299.0,132670764299.0,0.0,DOGE,0.10788637596643902,578617795.0,14313367956.0,0.9999,0.9546,0.8724,0.7247,0.535,1.6522,15,7,7,July,2024
15:59:32,2024-07-07,Dogecoin,9,3856,118,298,146,0.7371712183910056,132670764299.0,132670764299.0,0.0,DOGE,0.10788515942671056,578440477.0,14313206557.0,0.9999,0.9545,0.8724,0.7247,0.535,1.6522,15,7,7,July,2024
15:59:52,2024-07-07,Dogecoin,9,3856,118,298,146,0.7371712183910056,132670764299.0,132670764299.0,0.0,DOGE,0.10786566953281246,578382680.0,14310620818.0,0.9997,0.9544,0.8722,0.7245,0.5349,1.6519,15,7,7,July,2024
16:00:16,2024-07-07,Dogecoin,9,3856,118,298,146,0.7371712183910056,132670764299.0,132670764299.0,0.0,DOGE,0.10780091489905815,578395896.0,14302029771.0,0.9991,0.9538,0.8717,0.7241,0.5346,1.6509,16,7,7,July,2024
16:00:33,2024-07-07,Dogecoin,9,3856,118,298,146,0.7371712183910056,132670764299.0,132670764299.0,0.0,DOGE,0.10780097806147004,578300414.0,14302038151.0,0.9991,0.9538,0.8717,0.7241,0.5346,1.6509,16,7,7,July,2024
16:00:58,2024-07-07,Dogecoin,9,3856,118,298,146,0.7371712183910056,132670764299.0,132670764299.0,0.0,DOGE,0.10779317198794969,578231967.0,14301002513.0,0.9986,0.9551,0.8718,0.723,0.5355,1.6529,16,7,7,July,2024
16:01:21,2024-07-07,Dogecoin,9,3856,118,298,146,0.7371712183910056,132670764299.0,132670764299.0,0.0,DOGE,0.10779160859541076,578114962.0,14300795097.0,0.9986,0.9551,0.8718,0.7229,0.5355,1.6529,16,7,7,July,2024
16:01:43,2024-07-07,Dogecoin,9,3856,118,298,146,0.7371712183910056,132670764299.0,132670764299.0,0.0,DOGE,0.10779200265308175,577993949.0,14300847377.0,0.9986,0.9551,0.8718,0.7229,0.5355,1.6529,16,7,7,July,2024
16:02:15,2024-07-07,Dogecoin,9,3856,118,298,146,0.7371712183910056,132670764299.0,132670764299.0,0.0,DOGE,0.10781254271480378,577236960.0,14303572442.0,0.9988,0.9553,0.8719,0.7231,0.5356,1.6532,16,7,7,July,2024
16:02:44,2024-07-07,Dogecoin,9,3856,118,298,146,0.7371712183910056,132670764299.0,132670764299.0,0.0,DOGE,0.10781612423480702,577086088.0,14304047605.0,0.9988,0.9553,0.872,0.7231,0.5356,1.6533,16,7,7,July,2024
16:03:29,2024-07-07,Dogecoin,9,3856,118,298,146,0.7371712183910056,132670764299.0,132670764299.0,0.0,DOGE,0.10774123088699797,576677940.0,14294111448.0,0.9982,0.9547,0.8714,0.7226,0.5352,1.6521,16,7,7,July,2024
16:04:12,2024-07-07,Dogecoin,9,3856,118,298,146,0.7371712183910056,132670764299.0,132670764299.0,0.0,DOGE,0.10768961629670915,576283274.0,14287263701.0,0.9977,0.9542,0.8709,0.7223,0.535,1.6513,16,7,7,July,2024
16:04:44,2024-07-07,Dogecoin,9,3856,118,298,146,0.7371712183910056,132670764299.0,132670764299.0,0.0,DOGE,0.10768414122846949,576125581.0,14286537319.0,0.9976,0.9542,0.8709,0.7222,0.535,1.6513,16,7,7,July,2024
16:05:12,2024-07-07,Dogecoin,9,3856,118,298,146,0.7371712183910056,132670764299.0,132670764299.0,0.0,DOGE,0.10768829752597249,576356291.0,14287088738.0,0.9977,0.9542,0.8709,0.7223,0.535,1.6513,16,7,7,July,2024
16:05:44,2024-07-07,Dogecoin,9,3856,118,298,146,0.7371712183910056,132670764299.0,132670764299.0,0.0,DOGE,0.10771958379814685,576402443.0,14291239512.0,0.998,0.9545,0.8712,0.7225,0.5351,1.6518,16,7,7,July,2024
16:06:07,2024-07-07,Dogecoin,9,3856,118,298,146,0.7371712183910056,132670764299.0,132670764299.0,0.0,DOGE,0.10773003003143625,576449205.0,14292625422.0,0.9999,0.9533,0.8703,0.7247,0.536,1.652,16,7,7,July,2024
16:06:37,2024-07-07,Dogecoin,9,3856,118,298,146,0.7371712183910056,132670764299.0,132670764299.0,0.0,DOGE,0.10773182388872526,576316218.0,14292863414.0,0.9999,0.9533,0.8703,0.7247,0.536,1.652,16,7,7,July,2024
16:06:58,2024-07-07,Dogecoin,9,3856,118,298,146,0.7371712183910056,132670764299.0,132670764299.0,0.0,DOGE,0.10773499089077557,576437596.0,14293283583.0,0.9999,0.9534,0.8703,0.7247,0.536,1.652,16,7,7,July,2024
16:07:23,2024-07-07,Dogecoin,9,3856,118,298,146,0.7371712183910056,132670764299.0,132670764299.0,0.0,DOGE,0.10773694930959209,576326358.0,14293543408.0,0.9999,0.9534,0.8704,0.7247,0.5361,1.6521,16,7,7,July,2024
16:07:41,2024-07-07,Dogecoin,9,3856,118,298,146,0.7371712183910056,132670764299.0,132670764299.0,0.0,DOGE,0.10774730609649638,576276261.0,14294917450.0,1.0,0.9535,0.8704,0.7248,0.5361,1.6522,16,7,7,July,2024
16:08:10,2024-07-07,Dogecoin,9,3856,118,298,146,0.7371712183910056,132670764299.0,132670764299.0,0.0,DOGE,0.10776648805644352,576483365.0,14297462336.0,1.0002,0.9536,0.8706,0.7249,0.5362,1.6525,16,7,7,July,2024
16:08:27,2024-07-07,Dogecoin,9,3856,118,298,146,0.7371712183910056,132670764299.0,132670764299.0,0.0,DOGE,0.10776765701341944,576403141.0,14297617422.0,1.0002,0.9536,0.8706,0.7249,0.5362,1.6525,16,7,7,July,2024
16:08:49,2024-07-07,Dogecoin,9,3856,118,298,146,0.7371712183910056,132670764299.0,132670764299.0,0.0,DOGE,0.10780296402546241,576584201.0,14302301630.0,1.0005,0.954,0.8709,0.7252,0.5364,1.6531,16,7,7,July,2024
16:09:08,2024-07-07,Dogecoin,9,3856,118,298,146,0.7371712183910056,132670764299.0,132670764299.0,0.0,DOGE,0.10782735281580533,576666678.0,14305537310.0,1.0008,0.9542,0.8711,0.7253,0.5365,1.6535,16,7,7,July,2024
16:09:31,2024-07-07,Dogecoin,9,3856,118,298,146,0.7371712183910056,132670764299.0,132670764299.0,0.0,DOGE,0.10783220244155839,576557458.0,14306180713.0,1.0008,0.9542,0.8711,0.7254,0.5365,1.6535,16,7,7,July,2024
16:09:55,2024-07-07,Dogecoin,9,3856,118,298,146,0.7371712183910056,132670764299.0,132670764299.0,0.0,DOGE,0.10786435997629658,576831089.0,14310447078.0,1.0011,0.9545,0.8714,0.7256,0.5367,1.654,16,7,7,July,2024
16:10:17,2024-07-07,Dogecoin,9,3856,118,298,146,0.7371712183910056,132670764299.0,132670764299.0,0.0,DOGE,0.10789785594201294,577199612.0,14314891014.0,1.0014,0.9548,0.8717,0.7258,0.5369,1.6545,16,7,7,July,2024
16:10:40,2024-07-07,Dogecoin,9,3856,118,298,146,0.7371712183910056,132670764299.0,132670764299.0,0.0,DOGE,0.10790170735419968,577053875.0,14315401983.0,1.0015,0.9548,0.8717,0.7258,0.5369,1.6546,16,7,7,July,2024
16:11:04,2024-07-07,Dogecoin,9,3856,118,298,146,0.7371712183910056,132670764299.0,132670764299.0,0.0,DOGE,0.10790083597872435,577120490.0,14315286377.0,1.0015,0.9548,0.8717,0.7258,0.5369,1.6546,16,7,7,July,2024
16:11:25,2024-07-07,Dogecoin,9,3856,118,298,146,0.7371712183910056,132670764299.0,132670764299.0,0.0,DOGE,0.10790057349968066,576995381.0,14315251554.0,1.0003,0.9558,0.8707,0.7286,0.5369,1.6545,16,7,7,July,2024
16:11:49,2024-07-07,Dogecoin,9,3856,118,298,146,0.7371712183910056,132670764299.0,132670764299.0,0.0,DOGE,0.10788898784905047,576957122.0,14313714477.0,1.0002,0.9557,0.8706,0.7286,0.5368,1.6544,16,7,7,July,2024
16:12:08,2024-07-07,Dogecoin,9,3856,118,298,146,0.7371712183910056,132670764299.0,132670764299.0,0.0,DOGE,0.10788790649317491,576830364.0,14313571013.0,1.0002,0.9556,0.8706,0.7286,0.5368,1.6543,16,7,7,July,2024
16:12:43,2024-07-07,Dogecoin,9,3856,118,298,146,0.7371712183910056,132670764299.0,132670764299.0,0.0,DOGE,0.10788287049134675,576624920.0,14312902882.0,1.0002,0.9556,0.8706,0.7285,0.5368,1.6543,16,7,7,July,2024
16:13:07,2024-07-07,Dogecoin,9,3856,118,298,146,0.7371712183910056,132670764299.0,132670764299.0,0.0,DOGE,0.10785973825097683,576489251.0,14309833910.0,1.0,0.9554,0.8704,0.7284,0.5367,1.6539,16,7,7,July,2024
16:13:31,2024-07-07,Dogecoin,9,3856,118,298,146,0.7371712183910056,132670764299.0,132670764299.0,0.0,DOGE,0.1078621389433062,576339327.0,14310152412.0,1.0,0.9554,0.8704,0.7284,0.5367,1.6539,16,7,7,July,2024
16:13:51,2024-07-07,Dogecoin,9,3856,118,298,146,0.7371712183910056,132670764299.0,132670764299.0,0.0,DOGE,0.10790273473292977,576476038.0,14315538286.0,1.0004,0.9558,0.8707,0.7287,0.5369,1.6546,16,7,7,July,2024
16:14:14,2024-07-07,Dogecoin,9,3856,118,298,146,0.7371712183910056,132670764299.0,132670764299.0,0.0,DOGE,0.10792984995265471,576560715.0,14319135683.0,1.0006,0.956,0.8709,0.7288,0.537,1.655,16,7,7,July,2024
16:14:34,2024-07-07,Dogecoin,9,3856,118,298,146,0.7371712183910056,132670764299.0,132670764299.0,0.0,DOGE,0.10793088786362028,576469527.0,14319273384.0,1.0006,0.956,0.8709,0.7289,0.537,1.655,16,7,7,July,2024
16:14:57,2024-07-07,Dogecoin,9,3856,118,298,146,0.7371712183910056,132670764299.0,132670764299.0,0.0,DOGE,0.10790737920628299,576428467.0,14316154472.0,1.0004,0.9558,0.8708,0.7287,0.5369,1.6546,16,7,7,July,2024
16:15:22,2024-07-07,Dogecoin,9,3856,118,298,146,0.7371712183910056,132670764299.0,132670764299.0,0.0,DOGE,0.10789233022149942,576502264.0,14314157912.0,1.0003,0.9557,0.8706,0.7286,0.5368,1.6544,16,7,7,July,2024
16:15:44,2024-07-07,Dogecoin,9,3856,118,298,146,0.7371712183910056,132670764299.0,132670764299.0,0.0,DOGE,0.10788791902354705,576368185.0,14313572675.0,1.0002,0.9556,0.8706,0.7286,0.5368,1.6543,16,7,7,July,2024
16:16:11,2024-07-07,Dogecoin,9,3856,118,298,146,0.7371712183910056,132670764299.0,132670764299.0,0.0,DOGE,0.10791043774776012,576677369.0,14316560251.0,1.0004,0.9558,0.8708,0.7287,0.5369,1.6547,16,7,7,July,2024
16:16:36,2024-07-07,Dogecoin,9,3856,118,298,146,0.7371712183910056,132670764299.0,132670764299.0,0.0,DOGE,0.10792579566819302,576572186.0,14318597798.0,0.9996,0.9553,0.8712,0.728,0.5372,1.6549,16,7,7,July,2024
16:16:58,2024-07-07,Dogecoin,9,3856,118,298,146,0.7371712183910056,132670764299.0,132670764299.0,0.0,DOGE,0.10798447654863444,576999795.0,14326383036.0,1.0001,0.9559,0.8717,0.7284,0.5375,1.6558,16,7,7,July,2024
16:17:17,2024-07-07,Dogecoin,9,3856,118,298,146,0.7371712183910056,132670764299.0,132670764299.0,0.0,DOGE,0.10798643280001818,576897617.0,14326642573.0,1.0001,0.9559,0.8717,0.7284,0.5375,1.6558,16,7,7,July,2024
16:17:39,2024-07-07,Dogecoin,9,3856,118,298,146,0.7371712183910056,132670764299.0,132670764299.0,0.0,DOGE,0.10798852841189382,576780440.0,14326920599.0,1.0002,0.9559,0.8718,0.7285,0.5375,1.6559,16,7,7,July,2024
16:18:04,2024-07-07,Dogecoin,9,3856,118,298,146,0.7371712183910056,132670764299.0,132670764299.0,0.0,DOGE,0.10799328232030556,576918044.0,14327551304.0,1.0002,0.9559,0.8718,0.7285,0.5375,1.6559,16,7,7,July,2024
16:18:24,2024-07-07,Dogecoin,9,3856,118,298,146,0.7371712183910056,132670764299.0,132670764299.0,0.0,DOGE,0.10799820001405748,576820888.0,14328203738.0,1.0003,0.956,0.8718,0.7285,0.5375,1.656,16,7,7,July,2024
16:18:49,2024-07-07,Dogecoin,9,3856,118,298,146,0.7371712183910056,132670764299.0,132670764299.0,0.0,DOGE,0.10801885771418215,576775758.0,14330944411.0,1.0004,0.9562,0.872,0.7287,0.5376,1.6563,16,7,7,July,2024
16:19:09,2024-07-07,Dogecoin,9,3856,118,298,146,0.7371712183910056,132670764299.0,132670764299.0,0.0,DOGE,0.10809149731381172,577226749.0,14340581562.0,1.0011,0.9568,0.8726,0.7291,0.538,1.6575,16,7,7,July,2024
16:19:30,2024-07-07,Dogecoin,9,3856,118,298,146,0.7371712183910056,132670764299.0,132670764299.0,0.0,DOGE,0.10809515588438003,577112514.0,14341066948.0,1.0012,0.9568,0.8726,0.7292,0.538,1.6575,16,7,7,July,2024
16:19:53,2024-07-07,Dogecoin,9,3856,118,298,146,0.7371712183910056,132670764299.0,132670764299.0,0.0,DOGE,0.10805751579241564,577030794.0,14336073208.0,1.0008,0.9565,0.8723,0.7289,0.5378,1.6569,16,7,7,July,2024
16:20:18,2024-07-07,Dogecoin,9,3856,118,298,146,0.7371712183910056,132670764299.0,132670764299.0,0.0,DOGE,0.10807822966390063,577256080.0,14338821333.0,1.001,0.9567,0.8725,0.7291,0.5379,1.6573,16,7,7,July,2024
16:20:45,2024-07-07,Dogecoin,9,3856,118,298,146,0.7371712183910056,132670764299.0,132670764299.0,0.0,DOGE,0.10806848892797308,577089887.0,14337529022.0,1.0014,0.9558,0.8722,0.7272,0.5378,1.6627,16,7,7,July,2024
16:21:05,2024-07-07,Dogecoin,9,3856,118,298,146,0.7371712183910056,132670764299.0,132670764299.0,0.0,DOGE,0.10802283699272354,576899379.0,14331472345.0,1.0009,0.9554,0.8718,0.7269,0.5376,1.662,16,7,7,July,2024
16:21:27,2024-07-07,Dogecoin,9,3856,118,298,146,0.7371712183910056,132670764299.0,132670764299.0,0.0,DOGE,0.1080154771122182,576706090.0,14330495904.0,1.0009,0.9553,0.8717,0.7268,0.5375,1.6619,16,7,7,July,2024
16:21:53,2024-07-07,Dogecoin,9,3856,118,298,146,0.7371712183910056,132670764299.0,132670764299.0,0.0,DOGE,0.107906054497072,576189426.0,14315978722.0,0.9998,0.9543,0.8709,0.7261,0.537,1.6602,16,7,7,July,2024
16:22:16,2024-07-07,Dogecoin,9,3856,118,298,146,0.7371712183910056,132670764299.0,132670764299.0,0.0,DOGE,0.10788007349358437,575954491.0,14312531803.0,0.9996,0.9541,0.8706,0.7259,0.5369,1.6598,16,7,7,July,2024
16:22:41,2024-07-07,Dogecoin,9,3856,118,298,146,0.7371712183910056,132670764299.0,132670764299.0,0.0,DOGE,0.10786915766503,575757961.0,14311083591.0,0.9995,0.954,0.8706,0.7259,0.5368,1.6596,16,7,7,July,2024
16:23:03,2024-07-07,Dogecoin,9,3856,118,298,146,0.7371712183910056,132670764299.0,132670764299.0,0.0,DOGE,0.1078537021843051,575867928.0,14309033101.0,0.9994,0.9539,0.8704,0.7258,0.5367,1.6594,16,7,7,July,2024
16:23:27,2024-07-07,Dogecoin,9,3856,118,298,146,0.7371712183910056,132670764299.0,132670764299.0,0.0,DOGE,0.10785792411463702,575762933.0,14309593227.0,0.9994,0.9539,0.8705,0.7258,0.5368,1.6595,16,7,7,July,2024
16:23:47,2024-07-07,Dogecoin,9,3856,118,298,146,0.7371712183910056,132670764299.0,132670764299.0,0.0,DOGE,0.10786265653140209,575701749.0,14310221081.0,0.9994,0.954,0.8705,0.7258,0.5368,1.6595,16,7,7,July,2024
16:24:07,2024-07-07,Dogecoin,9,3856,118,298,146,0.7371712183910056,132670764299.0,132670764299.0,0.0,DOGE,0.10790681970676004,576079690.0,14316080243.0,0.9999,0.9544,0.8709,0.7261,0.537,1.6602,16,7,7,July,2024
16:24:30,2024-07-07,Dogecoin,9,3856,118,298,146,0.7371712183910056,132670764299.0,132670764299.0,0.0,DOGE,0.10791098119056773,575970197.0,14316632350.0,0.9999,0.9544,0.8709,0.7261,0.537,1.6603,16,7,7,July,2024
16:24:55,2024-07-07,Dogecoin,9,3856,118,298,146,0.7371712183910056,132670764299.0,132670764299.0,0.0,DOGE,0.10800133582835879,576558697.0,14328619769.0,1.0007,0.9552,0.8716,0.7267,0.5375,1.6617,16,7,7,July,2024
16:25:17,2024-07-07,Dogecoin,9,3856,118,298,146,0.7371712183910056,132670764299.0,132670764299.0,0.0,DOGE,0.10803221906048037,577104872.0,14332717071.0,1.001,0.9555,0.8719,0.727,0.5376,1.6621,16,7,7,July,2024
16:25:42,2024-07-07,Dogecoin,9,3856,118,298,146,0.7371712183910056,132670764299.0,132670764299.0,0.0,DOGE,0.10804102070543053,577025472.0,14333884792.0,1.0011,0.9555,0.8719,0.727,0.5377,1.6623,16,7,7,July,2024
16:26:04,2024-07-07,Dogecoin,9,3856,118,298,146,0.7371712183910056,132670764299.0,132670764299.0,0.0,DOGE,0.108053984499826,577174002.0,14335604709.0,1.0036,0.9569,0.8714,0.726,0.538,1.661,16,7,7,July,2024
16:26:39,2024-07-07,Dogecoin,9,3856,118,298,146,0.7371712183910056,132670764299.0,132670764299.0,0.0,DOGE,0.1080513546096097,576997458.0,14335255799.0,1.0036,0.9569,0.8714,0.726,0.538,1.661,16,7,7,July,2024
16:27:03,2024-07-07,Dogecoin,9,3856,118,298,146,0.7371712183910056,132670764299.0,132670764299.0,0.0,DOGE,0.10799884926534574,576814128.0,14328289875.0,1.0031,0.9564,0.8709,0.7256,0.5378,1.6601,16,7,7,July,2024
16:27:25,2024-07-07,Dogecoin,9,3856,118,298,146,0.7371712183910056,132670764299.0,132670764299.0,0.0,DOGE,0.10799884926534574,576814128.0,14328289875.0,1.0031,0.9564,0.8709,0.7256,0.5378,1.6601,16,7,7,July,2024
16:28:02,2024-07-07,Dogecoin,9,3856,118,298,146,0.7371712183910056,132670764299.0,132670764299.0,0.0,DOGE,0.10793209702739738,576460655.0,14319433805.0,1.0025,0.9559,0.8704,0.7252,0.5374,1.6591,16,7,7,July,2024
16:28:27,2024-07-07,Dogecoin,9,3856,118,298,146,0.7371712183910056,132670764299.0,132670764299.0,0.0,DOGE,0.107929091101825,576297267.0,14319035006.0,1.0025,0.9558,0.8704,0.7252,0.5374,1.6591,16,7,7,July,2024
16:28:47,2024-07-07,Dogecoin,9,3856,118,298,146,0.7371712183910056,132670764299.0,132670764299.0,0.0,DOGE,0.10792549455567282,576369856.0,14318557850.0,1.0025,0.9558,0.8703,0.7251,0.5374,1.659,16,7,7,July,2024
16:29:13,2024-07-07,Dogecoin,9,3856,118,298,146,0.7371712183910056,132670764299.0,132670764299.0,0.0,DOGE,0.10793048028745503,576409540.0,14319219310.0,1.0025,0.9558,0.8704,0.7252,0.5374,1.6591,16,7,7,July,2024
16:29:44,2024-07-07,Dogecoin,9,3856,118,298,146,0.7371712183910056,132670764299.0,132670764299.0,0.0,DOGE,0.10792230965553831,576186548.0,14318135306.0,1.0024,0.9558,0.8703,0.7251,0.5374,1.659,16,7,7,July,2024
16:30:05,2024-07-07,Dogecoin,9,3856,118,298,146,0.7371712183910056,132670764299.0,132670764299.0,0.0,DOGE,0.10778692241618468,575583154.0,14300173378.0,1.0012,0.9546,0.8692,0.7242,0.5367,1.6569,16,7,7,July,2024
16:30:49,2024-07-07,Dogecoin,9,3856,118,298,146,0.7371712183910056,132670764299.0,132670764299.0,0.0,DOGE,0.10767784620691463,575212284.0,14285702154.0,1.0002,0.9536,0.8683,0.7235,0.5362,1.6552,16,7,7,July,2024
16:31:19,2024-07-07,Dogecoin,9,3856,118,298,146,0.7371712183910056,132670764299.0,132670764299.0,0.0,DOGE,0.10759401169397492,574939219.0,14274579765.0,0.9981,0.9516,0.8672,0.7232,0.5357,1.6533,16,7,7,July,2024
16:31:41,2024-07-07,Dogecoin,9,3856,118,298,146,0.7371712183910056,132670764299.0,132670764299.0,0.0,DOGE,0.10759992216647532,574782151.0,14275363912.0,0.9982,0.9517,0.8672,0.7233,0.5357,1.6534,16,7,7,July,2024
16:32:07,2024-07-07,Dogecoin,9,3856,118,298,146,0.7371712183910056,132670764299.0,132670764299.0,0.0,DOGE,0.10768784372378493,575443373.0,14287028532.0,0.999,0.9525,0.868,0.7239,0.5362,1.6547,16,7,7,July,2024
16:32:29,2024-07-07,Dogecoin,9,3856,118,298,146,0.7371712183910056,132670764299.0,132670764299.0,0.0,DOGE,0.10769058312007403,575324419.0,14287391970.0,0.999,0.9525,0.868,0.7239,0.5362,1.6548,16,7,7,July,2024
16:32:49,2024-07-07,Dogecoin,9,3856,118,298,146,0.7371712183910056,132670764299.0,132670764299.0,0.0,DOGE,0.10769554769499792,575278075.0,14288050624.0,0.999,0.9525,0.868,0.7239,0.5362,1.6549,16,7,7,July,2024
16:33:21,2024-07-07,Dogecoin,9,3856,118,298,146,0.7371712183910056,132670764299.0,132670764299.0,0.0,DOGE,0.1077352433335147,575516544.0,14293317074.0,0.9994,0.9529,0.8683,0.7242,0.5364,1.6555,16,7,7,July,2024
16:33:40,2024-07-07,Dogecoin,9,3856,118,298,146,0.7371712183910056,132670764299.0,132670764299.0,0.0,DOGE,0.10774291195373611,575419181.0,14294334476.0,0.9995,0.9529,0.8684,0.7242,0.5364,1.6556,16,7,7,July,2024
16:34:00,2024-07-07,Dogecoin,9,3856,118,298,146,0.7371712183910056,132670764299.0,132670764299.0,0.0,DOGE,0.10777086120958818,575628287.0,14298042525.0,0.9997,0.9532,0.8686,0.7244,0.5366,1.656,16,7,7,July,2024
16:34:22,2024-07-07,Dogecoin,9,3856,118,298,146,0.7371712183910056,132670764299.0,132670764299.0,0.0,DOGE,0.10777186447635782,575480120.0,14298175630.0,0.9998,0.9532,0.8686,0.7244,0.5366,1.656,16,7,7,July,2024
16:34:48,2024-07-07,Dogecoin,9,3856,118,298,146,0.7371712183910056,132670764299.0,132670764299.0,0.0,DOGE,0.107760744166947,575338525.0,14296700290.0,0.9997,0.9531,0.8685,0.7243,0.5365,1.6559,16,7,7,July,2024
16:35:08,2024-07-07,Dogecoin,9,3856,118,298,146,0.7371712183910056,132670764299.0,132670764299.0,0.0,DOGE,0.10771931321819209,575277311.0,14291203614.0,0.9993,0.9527,0.8682,0.7241,0.5363,1.6552,16,7,7,July,2024
16:35:30,2024-07-07,Dogecoin,9,3856,118,298,146,0.7371712183910056,132670764299.0,132670764299.0,0.0,DOGE,0.10770745599863109,575079147.0,14289630508.0,0.9989,0.9504,0.868,0.7228,0.5361,1.6559,16,7,7,July,2024
16:35:54,2024-07-07,Dogecoin,9,3856,118,298,146,0.7371712183910056,132670764299.0,132670764299.0,0.0,DOGE,0.10769489300371977,575038578.0,14287963765.0,0.9988,0.9503,0.8679,0.7227,0.5361,1.6557,16,7,7,July,2024
16:36:17,2024-07-07,Dogecoin,9,3856,118,298,146,0.7371712183910056,132670764299.0,132670764299.0,0.0,DOGE,0.10770364063443988,574985189.0,14289124320.0,0.9989,0.9504,0.8679,0.7227,0.5361,1.6559,16,7,7,July,2024
16:36:40,2024-07-07,Dogecoin,9,3856,118,298,146,0.7371712183910056,132670764299.0,132670764299.0,0.0,DOGE,0.10770900037788401,574874323.0,14289835402.0,0.9989,0.9505,0.868,0.7228,0.5362,1.6559,16,7,7,July,2024
16:37:03,2024-07-07,Dogecoin,9,3856,118,298,146,0.7371712183910056,132670764299.0,132670764299.0,0.0,DOGE,0.1077613575689296,575071140.0,14296781670.0,0.9994,0.9509,0.8684,0.7231,0.5364,1.6567,16,7,7,July,2024
16:37:22,2024-07-07,Dogecoin,9,3856,118,298,146,0.7371712183910056,132670764299.0,132670764299.0,0.0,DOGE,0.1077643846789066,574943855.0,14297183279.0,0.9995,0.9509,0.8684,0.7231,0.5364,1.6568,16,7,7,July,2024
16:37:50,2024-07-07,Dogecoin,9,3856,118,298,146,0.7371712183910056,132670764299.0,132670764299.0,0.0,DOGE,0.10775917907792378,574921517.0,14296492648.0,0.9994,0.9509,0.8684,0.7231,0.5364,1.6567,16,7,7,July,2024
16:38:14,2024-07-07,Dogecoin,9,3856,118,298,146,0.7371712183910056,132670764299.0,132670764299.0,0.0,DOGE,0.10775292586902731,574847743.0,14295663030.0,0.9994,0.9508,0.8683,0.7231,0.5364,1.6566,16,7,7,July,2024
16:38:33,2024-07-07,Dogecoin,9,3856,118,298,146,0.7371712183910056,132670764299.0,132670764299.0,0.0,DOGE,0.10775404721858432,574812221.0,14295811800.0,0.9994,0.9509,0.8683,0.7231,0.5364,1.6566,16,7,7,July,2024
