Time,Date,Name,Rank,Age,Exchanges,Markets,Pairs,All_Time_High,Circulating_Supply,Total_Supply,Max_Supply,Code,Rate,Volume,Cap,Delta_Hour_Change,Delta_Day_Change,Delta_Week_Change,Delta_Month_Change,Delta_Quarter_Change,Delta_Year_Change,Hour,Day,Month_Number,Month_Name,Year
15:46:51,2024-07-06,Dogecoin,9,3855,120,312,152,0.7371712183910056,132670764299.0,132670764299.0,,DOGE,0.11280263653006893,863627502.0,14965612003.0,0.9987,1.0785,0.9207,0.7067,0.5681,1.7307,15,6,7,July,2024
15:48:46,2024-07-06,Dogecoin,9,3855,120,312,152,0.7371712183910056,132670764299.0,132670764299.0,,DOGE,0.11287332135544802,864597184.0,14974989813.0,0.9994,1.0792,0.9212,0.7071,0.5684,1.7318,15,6,7,July,2024
17:36:13,2024-07-06,Dogecoin,9,3855,120,310,151,0.7371712183910056,132670764299.0,132670764299.0,0.0,DOGE,0.11343242471349792,859707354.0,15049166483.0,1.001,1.0778,0.9284,0.7066,0.5689,1.739,17,6,7,July,2024
18:09:09,2024-07-06,Dogecoin,9,3855,121,311,152,0.7371712183910056,132670764299.0,132670764299.0,0.0,DOGE,0.1131074923828032,849223904.0,15006057462.0,0.9965,1.0819,0.9267,0.7057,0.575,1.7346,18,6,7,July,2024
18:11:23,2024-07-06,Dogecoin,9,3855,121,311,152,0.7371712183910056,132670764299.0,132670764299.0,0.0,DOGE,0.11309701856080007,848752676.0,15004667892.0,0.9959,1.0834,0.9258,0.7045,0.5735,1.7328,18,6,7,July,2024
00:54:06,2024-07-07,Dogecoin,9,3856,120,305,150,0.7371712183910056,132670764299.0,132670764299.0,0.0,DOGE,0.11031740395591084,720255205.0,14635894298.0,0.986,1.0383,0.914,0.6833,0.5547,1.6937,0,7,7,July,2024
01:04:11,2024-07-07,Dogecoin,9,3856,120,305,150,0.7371712183910056,132670764299.0,132670764299.0,0.0,DOGE,0.11030719854998984,721304040.0,14634540339.0,0.9847,1.0405,0.9143,0.6826,0.5547,1.695,1,7,7,July,2024
01:05:24,2024-07-07,Dogecoin,9,3856,120,305,150,0.7371712183910056,132670764299.0,132670764299.0,0.0,DOGE,0.11031488084494234,720730871.0,14635559555.0,0.9848,1.0406,0.9144,0.6827,0.5548,1.6951,1,7,7,July,2024
01:05:44,2024-07-07,Dogecoin,9,3856,120,305,150,0.7371712183910056,132670764299.0,132670764299.0,0.0,DOGE,0.11029779617988478,720358073.0,14633292919.0,0.9846,1.0404,0.9142,0.6826,0.5547,1.6949,1,7,7,July,2024
01:06:07,2024-07-07,Dogecoin,9,3856,120,305,150,0.7371712183910056,132670764299.0,132670764299.0,0.0,DOGE,0.11027835130692565,720060762.0,14630713153.0,0.9841,1.0401,0.9144,0.682,0.5532,1.6946,1,7,7,July,2024
01:06:30,2024-07-07,Dogecoin,9,3856,120,305,150,0.7371712183910056,132670764299.0,132670764299.0,0.0,DOGE,0.11021622593261793,719543591.0,14622470932.0,0.9836,1.0395,0.9139,0.6817,0.5529,1.6936,1,7,7,July,2024
01:06:52,2024-07-07,Dogecoin,9,3856,120,305,150,0.7371712183910056,132670764299.0,132670764299.0,0.0,DOGE,0.11012976052912643,719192388.0,14610999501.0,0.9828,1.0387,0.9132,0.6811,0.5524,1.6923,1,7,7,July,2024
01:07:16,2024-07-07,Dogecoin,9,3856,120,305,150,0.7371712183910056,132670764299.0,132670764299.0,0.0,DOGE,0.10998316075856969,718347336.0,14591549997.0,0.9815,1.0373,0.912,0.6802,0.5517,1.6901,1,7,7,July,2024
01:07:37,2024-07-07,Dogecoin,9,3856,120,305,150,0.7371712183910056,132670764299.0,132670764299.0,0.0,DOGE,0.10986556773383446,717811882.0,14575948841.0,0.9804,1.0362,0.911,0.6795,0.5511,1.6882,1,7,7,July,2024
01:08:00,2024-07-07,Dogecoin,9,3856,120,305,150,0.7371712183910056,132670764299.0,132670764299.0,0.0,DOGE,0.10985092085388398,717649302.0,14574005628.0,0.9803,1.0361,0.9109,0.6794,0.551,1.688,1,7,7,July,2024
01:08:21,2024-07-07,Dogecoin,9,3856,120,305,150,0.7371712183910056,132670764299.0,132670764299.0,0.0,DOGE,0.109832589193851,717530887.0,14571573553.0,0.9801,1.0359,0.9107,0.6793,0.5509,1.6877,1,7,7,July,2024
01:08:45,2024-07-07,Dogecoin,9,3856,120,305,150,0.7371712183910056,132670764299.0,132670764299.0,0.0,DOGE,0.10987330318110948,717801190.0,14576975109.0,0.9805,1.0363,0.9111,0.6795,0.5511,1.6884,1,7,7,July,2024
01:09:08,2024-07-07,Dogecoin,9,3856,120,305,150,0.7371712183910056,132670764299.0,132670764299.0,0.0,DOGE,0.10990414410842345,717912766.0,14581066798.0,0.9808,1.0366,0.9113,0.6797,0.5513,1.6888,1,7,7,July,2024
01:09:31,2024-07-07,Dogecoin,9,3856,120,305,150,0.7371712183910056,132670764299.0,132670764299.0,0.0,DOGE,0.1100000093883894,718475225.0,14593785318.0,0.9816,1.0375,0.9121,0.6803,0.5518,1.6903,1,7,7,July,2024
01:10:05,2024-07-07,Dogecoin,9,3856,120,305,150,0.7371712183910056,132670764299.0,132670764299.0,0.0,DOGE,0.11001570466324476,718453556.0,14595867622.0,0.9818,1.0376,0.9123,0.6804,0.5519,1.6906,1,7,7,July,2024
01:11:21,2024-07-07,Dogecoin,9,3856,120,305,150,0.7371712183910056,132670764299.0,132670764299.0,0.0,DOGE,0.11015766954719662,719869684.0,14614702212.0,0.9866,1.0346,0.9142,0.6812,0.5507,1.6997,1,7,7,July,2024
01:11:45,2024-07-07,Dogecoin,9,3856,120,305,150,0.7371712183910056,132670764299.0,132670764299.0,0.0,DOGE,0.11021000611656406,721303292.0,14621645744.0,0.9871,1.0351,0.9146,0.6815,0.5509,1.7005,1,7,7,July,2024
01:12:03,2024-07-07,Dogecoin,9,3856,120,305,150,0.7371712183910056,132670764299.0,132670764299.0,0.0,DOGE,0.11022570526610795,721260565.0,14623728563.0,0.9872,1.0353,0.9147,0.6816,0.551,1.7008,1,7,7,July,2024
01:12:26,2024-07-07,Dogecoin,9,3856,120,305,150,0.7371712183910056,132670764299.0,132670764299.0,0.0,DOGE,0.11025213400847425,721432862.0,14627234884.0,0.9875,1.0355,0.9149,0.6818,0.5511,1.7012,1,7,7,July,2024
01:12:50,2024-07-07,Dogecoin,9,3856,120,305,150,0.7371712183910056,132670764299.0,132670764299.0,0.0,DOGE,0.11026114700008027,721364970.0,14628430644.0,0.9875,1.0356,0.915,0.6818,0.5512,1.7013,1,7,7,July,2024
01:13:18,2024-07-07,Dogecoin,9,3856,120,305,150,0.7371712183910056,132670764299.0,132670764299.0,0.0,DOGE,0.11034227290129206,721968621.0,14639193680.0,0.9883,1.0364,0.9157,0.6823,0.5516,1.7026,1,7,7,July,2024
01:14:00,2024-07-07,Dogecoin,9,3856,120,305,150,0.7371712183910056,132670764299.0,132670764299.0,0.0,DOGE,0.11038216913253027,722149268.0,14644486743.0,0.9886,1.0367,0.916,0.6826,0.5518,1.7032,1,7,7,July,2024
01:14:23,2024-07-07,Dogecoin,9,3856,120,305,150,0.7371712183910056,132670764299.0,132670764299.0,0.0,DOGE,0.11038312526667138,722236500.0,14644613594.0,0.9886,1.0367,0.916,0.6826,0.5518,1.7032,1,7,7,July,2024
01:14:44,2024-07-07,Dogecoin,9,3856,120,305,150,0.7371712183910056,132670764299.0,132670764299.0,0.0,DOGE,0.110390149347965,722239008.0,14645545485.0,0.9887,1.0368,0.9161,0.6826,0.5518,1.7033,1,7,7,July,2024
01:15:07,2024-07-07,Dogecoin,9,3856,120,305,150,0.7371712183910056,132670764299.0,132670764299.0,0.0,DOGE,0.11040259972239885,722239600.0,14647197285.0,0.9888,1.0369,0.9162,0.6827,0.5519,1.7035,1,7,7,July,2024
01:16:39,2024-07-07,Dogecoin,9,3856,120,305,150,0.7371712183910056,132670764299.0,132670764299.0,0.0,DOGE,0.11059194412288365,723792855.0,14672317752.0,0.9923,1.0393,0.9177,0.684,0.5508,1.7068,1,7,7,July,2024
01:17:01,2024-07-07,Dogecoin,9,3856,120,305,150,0.7371712183910056,132670764299.0,132670764299.0,0.0,DOGE,0.11059692694192512,723656696.0,14672978826.0,0.9923,1.0394,0.9178,0.684,0.5508,1.7069,1,7,7,July,2024
01:17:24,2024-07-07,Dogecoin,9,3856,120,305,150,0.7371712183910056,132670764299.0,132670764299.0,0.0,DOGE,0.11066848745249049,724314138.0,14682472814.0,0.9929,1.0401,0.9183,0.6845,0.5512,1.708,1,7,7,July,2024
01:17:48,2024-07-07,Dogecoin,9,3856,120,305,150,0.7371712183910056,132670764299.0,132670764299.0,0.0,DOGE,0.11069459515839004,724441354.0,14685936543.0,0.9932,1.0403,0.9186,0.6846,0.5513,1.7084,1,7,7,July,2024
01:18:28,2024-07-07,Dogecoin,9,3856,120,305,150,0.7371712183910056,132670764299.0,132670764299.0,0.0,DOGE,0.11072236170212126,724924179.0,14689620352.0,0.9934,1.0406,0.9188,0.6848,0.5515,1.7089,1,7,7,July,2024
01:20:05,2024-07-07,Dogecoin,9,3856,120,305,150,0.7371712183910056,132670764299.0,132670764299.0,0.0,DOGE,0.11072316620657474,724749007.0,14689727086.0,0.9934,1.0406,0.9188,0.6848,0.5515,1.7089,1,7,7,July,2024
01:30:10,2024-07-07,Dogecoin,9,3856,120,305,150,0.7371712183910056,132670764299.0,132670764299.0,0.0,DOGE,0.11072316620657474,724749007.0,14689727086.0,0.9934,1.0406,0.9188,0.6848,0.5515,1.7089,1,7,7,July,2024
01:30:43,2024-07-07,Dogecoin,9,3856,120,304,149,0.7371712183910056,132670764299.0,132670764299.0,0.0,DOGE,0.11087612362632515,725261037.0,14710020064.0,0.9929,1.0369,0.9193,0.6844,0.5518,1.7075,1,7,7,July,2024
01:31:03,2024-07-07,Dogecoin,9,3856,120,304,149,0.7371712183910056,132670764299.0,132670764299.0,0.0,DOGE,0.11087612362632515,725261037.0,14710020064.0,0.9929,1.0369,0.9193,0.6844,0.5518,1.7075,1,7,7,July,2024
01:31:25,2024-07-07,Dogecoin,9,3856,120,304,149,0.7371712183910056,132670764299.0,132670764299.0,0.0,DOGE,0.11087786540412778,725182954.0,14710251147.0,0.992,1.0376,0.9181,0.6841,0.5535,1.7077,1,7,7,July,2024
01:31:59,2024-07-07,Dogecoin,9,3856,120,304,149,0.7371712183910056,132670764299.0,132670764299.0,0.0,DOGE,0.11093451990603413,725889025.0,14717767543.0,0.9925,1.0381,0.9185,0.6845,0.5537,1.7086,1,7,7,July,2024
01:32:42,2024-07-07,Dogecoin,9,3856,120,304,149,0.7371712183910056,132670764299.0,132670764299.0,0.0,DOGE,0.11104271207385008,726743423.0,14732121480.0,0.9935,1.0391,0.9194,0.6851,0.5543,1.7102,1,7,7,July,2024
01:44:43,2024-07-07,Dogecoin,9,3856,120,303,149,0.7371712183910056,132670764299.0,132670764299.0,0.0,DOGE,0.11062282455650921,724234036.0,14676414682.0,0.9969,1.0345,0.915,0.6835,0.5511,1.7028,1,7,7,July,2024
01:44:51,2024-07-07,Dogecoin,9,3856,120,303,149,0.7371712183910056,132670764299.0,132670764299.0,0.0,DOGE,0.1106544275132119,724428613.0,14680607471.0,0.9972,1.0348,0.9153,0.6837,0.5512,1.7033,1,7,7,July,2024
01:45:00,2024-07-07,Dogecoin,9,3856,120,303,149,0.7371712183910056,132670764299.0,132670764299.0,0.0,DOGE,0.1106709282779532,724436255.0,14682796640.0,0.9974,1.035,0.9154,0.6838,0.5513,1.7035,1,7,7,July,2024
01:46:38,2024-07-07,Dogecoin,9,3856,120,303,149,0.7371712183910056,132670764299.0,132670764299.0,0.0,DOGE,0.11066665866125577,724968059.0,14682230187.0,0.9982,1.0366,0.916,0.6831,0.5495,1.7036,1,7,7,July,2024
01:47:01,2024-07-07,Dogecoin,9,3856,120,303,149,0.7371712183910056,132670764299.0,132670764299.0,0.0,DOGE,0.11067770459073319,724942428.0,14683695658.0,0.9983,1.0367,0.9161,0.6832,0.5496,1.7038,1,7,7,July,2024
01:47:24,2024-07-07,Dogecoin,9,3856,120,303,149,0.7371712183910056,132670764299.0,132670764299.0,0.0,DOGE,0.11069800320529867,725073542.0,14686388691.0,0.9984,1.0369,0.9162,0.6833,0.5497,1.7041,1,7,7,July,2024
01:47:44,2024-07-07,Dogecoin,9,3856,120,303,149,0.7371712183910056,132670764299.0,132670764299.0,0.0,DOGE,0.1107025826316982,725069608.0,14686996247.0,0.9985,1.0369,0.9163,0.6833,0.5497,1.7041,1,7,7,July,2024
01:48:16,2024-07-07,Dogecoin,9,3856,120,303,149,0.7371712183910056,132670764299.0,132670764299.0,0.0,DOGE,0.11072073883514662,725142684.0,14689405045.0,0.9986,1.0371,0.9164,0.6834,0.5498,1.7044,1,7,7,July,2024
01:49:55,2024-07-07,Dogecoin,9,3856,120,303,149,0.7371712183910056,132670764299.0,132670764299.0,0.0,DOGE,0.11071785724618156,724833241.0,14689022742.0,0.9986,1.0371,0.9164,0.6834,0.5498,1.7044,1,7,7,July,2024
01:50:19,2024-07-07,Dogecoin,9,3856,120,303,149,0.7371712183910056,132670764299.0,132670764299.0,0.0,DOGE,0.11077309109224434,725370926.0,14696350658.0,0.9991,1.0376,0.9169,0.6838,0.5501,1.7052,1,7,7,July,2024
01:50:40,2024-07-07,Dogecoin,9,3856,120,303,149,0.7371712183910056,132670764299.0,132670764299.0,0.0,DOGE,0.11079003445207201,725388914.0,14698598547.0,0.9993,1.0377,0.917,0.6839,0.5502,1.7055,1,7,7,July,2024
01:51:03,2024-07-07,Dogecoin,9,3856,120,303,149,0.7371712183910056,132670764299.0,132670764299.0,0.0,DOGE,0.1108079617306408,725344406.0,14700976973.0,0.9994,1.0379,0.9171,0.684,0.5502,1.7058,1,7,7,July,2024
01:51:25,2024-07-07,Dogecoin,9,3856,120,303,149,0.7371712183910056,132670764299.0,132670764299.0,0.0,DOGE,0.11093939911368635,727040548.0,14718414871.0,1.0015,1.0353,0.9184,0.6844,0.5499,1.7063,1,7,7,July,2024
01:51:47,2024-07-07,Dogecoin,9,3856,120,303,149,0.7371712183910056,132670764299.0,132670764299.0,0.0,DOGE,0.1109529209602868,727038073.0,14720208825.0,1.0017,1.0354,0.9185,0.6845,0.55,1.7065,1,7,7,July,2024
01:52:08,2024-07-07,Dogecoin,9,3856,120,303,149,0.7371712183910056,132670764299.0,132670764299.0,0.0,DOGE,0.11096482541298959,727094327.0,14721788197.0,1.0018,1.0355,0.9186,0.6846,0.55,1.7067,1,7,7,July,2024
01:52:37,2024-07-07,Dogecoin,9,3856,120,303,149,0.7371712183910056,132670764299.0,132670764299.0,0.0,DOGE,0.11093392670840835,726966398.0,14717688843.0,1.0015,1.0352,0.9183,0.6844,0.5499,1.7062,1,7,7,July,2024
01:53:09,2024-07-07,Dogecoin,9,3856,120,303,149,0.7371712183910056,132670764299.0,132670764299.0,0.0,DOGE,0.11091261354396577,726759463.0,14714861209.0,1.0013,1.035,0.9181,0.6843,0.5498,1.7058,1,7,7,July,2024
01:53:58,2024-07-07,Dogecoin,9,3856,120,303,149,0.7371712183910056,132670764299.0,132670764299.0,0.0,DOGE,0.11092086520059545,726955938.0,14715955962.0,1.0014,1.0351,0.9182,0.6843,0.5498,1.706,1,7,7,July,2024
01:55:19,2024-07-07,Dogecoin,9,3856,120,303,149,0.7371712183910056,132670764299.0,132670764299.0,0.0,DOGE,0.11090630689692943,726550101.0,14714024501.0,1.0012,1.035,0.9181,0.6842,0.5497,1.7058,1,7,7,July,2024
01:55:51,2024-07-07,Dogecoin,9,3856,120,303,149,0.7371712183910056,132670764299.0,132670764299.0,0.0,DOGE,0.11089719177156031,726424358.0,14712815190.0,1.0051,1.0352,0.918,0.685,0.5495,1.705,1,7,7,July,2024
01:56:13,2024-07-07,Dogecoin,9,3856,120,303,149,0.7371712183910056,132670764299.0,132670764299.0,0.0,DOGE,0.11087789545562861,726262908.0,14710255133.0,1.005,1.035,0.9179,0.6849,0.5494,1.7047,1,7,7,July,2024
01:56:36,2024-07-07,Dogecoin,9,3856,120,302,149,0.7371712183910056,132670764299.0,132670764299.0,0.0,DOGE,0.11082370922041598,726218342.0,14703066204.0,1.0045,1.0345,0.9174,0.6845,0.5491,1.7039,1,7,7,July,2024
01:56:58,2024-07-07,Dogecoin,9,3856,120,302,149,0.7371712183910056,132670764299.0,132670764299.0,0.0,DOGE,0.11080807306402447,726007255.0,14700991743.0,1.0043,1.0344,0.9173,0.6844,0.549,1.7037,1,7,7,July,2024
01:57:22,2024-07-07,Dogecoin,9,3856,120,302,149,0.7371712183910056,132670764299.0,132670764299.0,0.0,DOGE,0.11080156367801401,726233917.0,14700128138.0,1.0043,1.0343,0.9172,0.6844,0.549,1.7036,1,7,7,July,2024
01:57:46,2024-07-07,Dogecoin,9,3856,120,302,149,0.7371712183910056,132670764299.0,132670764299.0,0.0,DOGE,0.11080113390604496,726173138.0,14700071120.0,1.0043,1.0343,0.9172,0.6844,0.549,1.7036,1,7,7,July,2024
01:58:10,2024-07-07,Dogecoin,9,3856,120,302,149,0.7371712183910056,132670764299.0,132670764299.0,0.0,DOGE,0.11079872927341779,726064630.0,14699752096.0,1.0042,1.0343,0.9172,0.6844,0.549,1.7035,1,7,7,July,2024
01:58:29,2024-07-07,Dogecoin,9,3856,120,302,149,0.7371712183910056,132670764299.0,132670764299.0,0.0,DOGE,0.11080350954148925,726121508.0,14700386297.0,1.0043,1.0343,0.9173,0.6844,0.549,1.7036,1,7,7,July,2024
01:58:52,2024-07-07,Dogecoin,9,3856,120,302,149,0.7371712183910056,132670764299.0,132670764299.0,0.0,DOGE,0.11080749526414872,726094928.0,14700915086.0,1.0043,1.0344,0.9173,0.6844,0.549,1.7037,1,7,7,July,2024
01:59:11,2024-07-07,Dogecoin,9,3856,120,302,149,0.7371712183910056,132670764299.0,132670764299.0,0.0,DOGE,0.11080745280874087,726030692.0,14700909454.0,1.0043,1.0344,0.9173,0.6844,0.549,1.7037,1,7,7,July,2024
01:59:31,2024-07-07,Dogecoin,9,3856,120,302,149,0.7371712183910056,132670764299.0,132670764299.0,0.0,DOGE,0.11079355786880007,725930350.0,14699066001.0,1.0042,1.0342,0.9172,0.6843,0.5489,1.7034,1,7,7,July,2024
02:00:03,2024-07-07,Dogecoin,9,3856,120,302,149,0.7371712183910056,132670764299.0,132670764299.0,0.0,DOGE,0.11079792542476831,725853864.0,14699645448.0,1.0042,1.0343,0.9172,0.6844,0.549,1.7035,2,7,7,July,2024
02:00:28,2024-07-07,Dogecoin,9,3856,120,302,149,0.7371712183910056,132670764299.0,132670764299.0,0.0,DOGE,0.11085387432304229,726367832.0,14707068231.0,1.0047,1.0348,0.9177,0.6847,0.5492,1.7044,2,7,7,July,2024
02:00:53,2024-07-07,Dogecoin,9,3856,120,302,149,0.7371712183910056,132670764299.0,132670764299.0,0.0,DOGE,0.11086368350287104,726084071.0,14708369623.0,1.0061,1.0361,0.9179,0.6851,0.5508,1.7036,2,7,7,July,2024
02:01:16,2024-07-07,Dogecoin,9,3856,120,302,149,0.7371712183910056,132670764299.0,132670764299.0,0.0,DOGE,0.11087820518062769,726140982.0,14710296225.0,1.0063,1.0362,0.918,0.6852,0.5509,1.7038,2,7,7,July,2024
11:27:53,2024-07-07,Dogecoin,9,3856,119,302,149,0.7371712183910056,132670764299.0,132670764299.0,0.0,DOGE,0.10685971073996554,641723153.0,14177159496.0,1.0132,0.9771,0.8729,0.6631,0.5268,1.6368,11,7,7,July,2024
11:28:12,2024-07-07,Dogecoin,9,3856,119,302,149,0.7371712183910056,132670764299.0,132670764299.0,0.0,DOGE,0.10686945874100824,641692252.0,14178452771.0,1.0133,0.9772,0.873,0.6631,0.5268,1.637,11,7,7,July,2024
11:28:43,2024-07-07,Dogecoin,9,3856,119,302,149,0.7371712183910056,132670764299.0,132670764299.0,0.0,DOGE,0.10687988263612562,641833201.0,14179835717.0,1.0134,0.9773,0.8731,0.6632,0.5269,1.6371,11,7,7,July,2024
11:29:02,2024-07-07,Dogecoin,9,3856,119,302,149,0.7371712183910056,132670764299.0,132670764299.0,0.0,DOGE,0.10686882152462604,641610127.0,14178368231.0,1.0133,0.9772,0.873,0.6631,0.5268,1.6369,11,7,7,July,2024
11:30:35,2024-07-07,Dogecoin,9,3856,119,302,149,0.7371712183910056,132670764299.0,132670764299.0,0.0,DOGE,0.10686061108124525,641353349.0,14177278945.0,1.0133,0.9771,0.8729,0.6631,0.5268,1.6368,11,7,7,July,2024
11:31:00,2024-07-07,Dogecoin,9,3856,119,302,149,0.7371712183910056,132670764299.0,132670764299.0,0.0,DOGE,0.10680157435000347,640715786.0,14169446497.0,1.0127,0.9766,0.8725,0.6627,0.5265,1.6359,11,7,7,July,2024
11:31:20,2024-07-07,Dogecoin,9,3856,119,302,149,0.7371712183910056,132670764299.0,132670764299.0,0.0,DOGE,0.10676985857149122,640440956.0,14165238740.0,1.0065,0.975,0.8726,0.6638,0.5286,1.6347,11,7,7,July,2024
11:31:43,2024-07-07,Dogecoin,9,3856,119,302,149,0.7371712183910056,132670764299.0,132670764299.0,0.0,DOGE,0.10670785629836062,639928889.0,14157012851.0,1.0059,0.9745,0.8721,0.6634,0.5283,1.6337,11,7,7,July,2024
11:32:05,2024-07-07,Dogecoin,9,3856,119,302,149,0.7371712183910056,132670764299.0,132670764299.0,0.0,DOGE,0.1066556011190063,639443841.0,14150080117.0,1.0054,0.974,0.8717,0.6631,0.5281,1.6329,11,7,7,July,2024
11:32:29,2024-07-07,Dogecoin,9,3856,119,302,149,0.7371712183910056,132670764299.0,132670764299.0,0.0,DOGE,0.10661439105146084,639693210.0,14144612746.0,1.005,0.9736,0.8714,0.6628,0.5279,1.6323,11,7,7,July,2024
11:32:51,2024-07-07,Dogecoin,9,3856,119,302,149,0.7371712183910056,132670764299.0,132670764299.0,0.0,DOGE,0.10660866544336157,639645816.0,14143853125.0,1.005,0.9736,0.8713,0.6628,0.5278,1.6322,11,7,7,July,2024
11:33:12,2024-07-07,Dogecoin,9,3856,119,302,149,0.7371712183910056,132670764299.0,132670764299.0,0.0,DOGE,0.10660772090979051,639526581.0,14143727813.0,1.005,0.9736,0.8713,0.6628,0.5278,1.6322,11,7,7,July,2024
11:33:35,2024-07-07,Dogecoin,9,3856,119,302,149,0.7371712183910056,132670764299.0,132670764299.0,0.0,DOGE,0.10664149327434258,639783621.0,14148208418.0,1.0053,0.9739,0.8716,0.663,0.528,1.6327,11,7,7,July,2024
11:33:57,2024-07-07,Dogecoin,9,3856,119,302,149,0.7371712183910056,132670764299.0,132670764299.0,0.0,DOGE,0.10665858921938576,639740328.0,14150476550.0,1.0054,0.974,0.8717,0.6631,0.5281,1.633,11,7,7,July,2024
11:34:16,2024-07-07,Dogecoin,9,3856,119,302,149,0.7371712183910056,132670764299.0,132670764299.0,0.0,DOGE,0.10668862528523242,639810115.0,14154461458.0,1.0057,0.9743,0.872,0.6633,0.5282,1.6334,11,7,7,July,2024
11:34:42,2024-07-07,Dogecoin,9,3856,119,302,149,0.7371712183910056,132670764299.0,132670764299.0,0.0,DOGE,0.10672085384052132,638795353.0,14158737245.0,1.006,0.9746,0.8722,0.6635,0.5284,1.6339,11,7,7,July,2024
11:35:03,2024-07-07,Dogecoin,9,3856,119,302,149,0.7371712183910056,132670764299.0,132670764299.0,0.0,DOGE,0.10672681274719469,638279987.0,14159527818.0,1.0061,0.9747,0.8723,0.6635,0.5284,1.634,11,7,7,July,2024
11:35:25,2024-07-07,Dogecoin,9,3856,119,302,149,0.7371712183910056,132670764299.0,132670764299.0,0.0,DOGE,0.1067214812445996,637875015.0,14158820483.0,1.0029,0.9704,0.8714,0.6642,0.5272,1.6339,11,7,7,July,2024
11:35:47,2024-07-07,Dogecoin,9,3856,119,302,149,0.7371712183910056,132670764299.0,132670764299.0,0.0,DOGE,0.10670925349420711,637447517.0,14157198218.0,1.0028,0.9703,0.8713,0.6641,0.5271,1.6338,11,7,7,July,2024
11:36:08,2024-07-07,Dogecoin,9,3856,119,302,149,0.7371712183910056,132670764299.0,132670764299.0,0.0,DOGE,0.10670820154413989,637194175.0,14157058655.0,1.0028,0.9703,0.8712,0.6641,0.5271,1.6337,11,7,7,July,2024
11:36:29,2024-07-07,Dogecoin,9,3856,119,302,149,0.7371712183910056,132670764299.0,132670764299.0,0.0,DOGE,0.10669903913644674,637075335.0,14155843072.0,1.0027,0.9702,0.8712,0.6641,0.5271,1.6336,11,7,7,July,2024
11:36:51,2024-07-07,Dogecoin,9,3856,119,302,149,0.7371712183910056,132670764299.0,132670764299.0,0.0,DOGE,0.10669947116493281,635463656.0,14155900389.0,1.0027,0.9702,0.8712,0.6641,0.5271,1.6336,11,7,7,July,2024
11:37:14,2024-07-07,Dogecoin,9,3856,119,302,149,0.7371712183910056,132670764299.0,132670764299.0,0.0,DOGE,0.10670960270447104,635279232.0,14157244548.0,1.0028,0.9703,0.8713,0.6641,0.5271,1.6338,11,7,7,July,2024
11:37:40,2024-07-07,Dogecoin,9,3856,119,302,149,0.7371712183910056,132670764299.0,132670764299.0,0.0,DOGE,0.106728312472883,635243036.0,14159726788.0,1.003,0.9704,0.8714,0.6642,0.5272,1.634,11,7,7,July,2024
11:38:02,2024-07-07,Dogecoin,9,3856,119,302,149,0.7371712183910056,132670764299.0,132670764299.0,0.0,DOGE,0.10674827029719644,635276147.0,14162374607.0,1.0032,0.9706,0.8716,0.6644,0.5273,1.6344,11,7,7,July,2024
11:38:30,2024-07-07,Dogecoin,9,3856,119,302,149,0.7371712183910056,132670764299.0,132670764299.0,0.0,DOGE,0.10675633308271697,635212268.0,14163444303.0,1.0032,0.9707,0.8716,0.6644,0.5274,1.6345,11,7,7,July,2024
11:39:17,2024-07-07,Dogecoin,9,3856,119,302,149,0.7371712183910056,132670764299.0,132670764299.0,0.0,DOGE,0.10677327306932877,634984536.0,14165691744.0,1.0034,0.9709,0.8718,0.6645,0.5274,1.6347,11,7,7,July,2024
11:40:27,2024-07-07,Dogecoin,9,3856,119,302,149,0.7371712183910056,132670764299.0,132670764299.0,0.0,DOGE,0.10682832945040657,634875693.0,14172996116.0,1.0039,0.9714,0.8722,0.6649,0.5277,1.6356,11,7,7,July,2024
11:40:51,2024-07-07,Dogecoin,9,3856,119,302,149,0.7371712183910056,132670764299.0,132670764299.0,0.0,DOGE,0.10684582593523632,634716374.0,14175317388.0,1.0052,0.9734,0.8722,0.6653,0.5268,1.6355,11,7,7,July,2024
11:41:13,2024-07-07,Dogecoin,9,3856,119,302,149,0.7371712183910056,132670764299.0,132670764299.0,0.0,DOGE,0.10690287137857506,634987718.0,14182885651.0,1.0057,0.974,0.8727,0.6657,0.5271,1.6364,11,7,7,July,2024
11:41:34,2024-07-07,Dogecoin,9,3856,119,301,149,0.7371712183910056,132670764299.0,132670764299.0,0.0,DOGE,0.10696490977390193,635390817.0,14191116332.0,1.0063,0.9745,0.8732,0.6661,0.5274,1.6373,11,7,7,July,2024
11:41:54,2024-07-07,Dogecoin,9,3856,119,301,149,0.7371712183910056,132670764299.0,132670764299.0,0.0,DOGE,0.10708435241991102,635993936.0,14206962880.0,1.0074,0.9756,0.8741,0.6668,0.528,1.6392,11,7,7,July,2024
11:42:18,2024-07-07,Dogecoin,9,3856,119,301,149,0.7371712183910056,132670764299.0,132670764299.0,0.0,DOGE,0.10710504608780333,635933116.0,14209708324.0,1.0076,0.9758,0.8743,0.6669,0.5281,1.6395,11,7,7,July,2024
11:42:42,2024-07-07,Dogecoin,9,3856,119,301,149,0.7371712183910056,132670764299.0,132670764299.0,0.0,DOGE,0.10718851537980062,636483002.0,14220782259.0,1.0084,0.9766,0.875,0.6675,0.5285,1.6408,11,7,7,July,2024
11:43:27,2024-07-07,Dogecoin,9,3856,119,301,149,0.7371712183910056,132670764299.0,132670764299.0,0.0,DOGE,0.10723073170153091,636644882.0,14226383131.0,1.0088,0.977,0.8753,0.6677,0.5287,1.6414,11,7,7,July,2024
11:44:33,2024-07-07,Dogecoin,9,3856,119,301,149,0.7371712183910056,132670764299.0,132670764299.0,0.0,DOGE,0.10720477246409828,636399135.0,14222939099.0,1.0086,0.9767,0.8751,0.6676,0.5286,1.641,11,7,7,July,2024
11:44:56,2024-07-07,Dogecoin,9,3856,119,301,149,0.7371712183910056,132670764299.0,132670764299.0,0.0,DOGE,0.10717632911057033,636118022.0,14219165497.0,1.0083,0.9765,0.8749,0.6674,0.5284,1.6406,11,7,7,July,2024
11:45:17,2024-07-07,Dogecoin,9,3856,119,301,149,0.7371712183910056,132670764299.0,132670764299.0,0.0,DOGE,0.1071553064625254,635979098.0,14216376407.0,1.0081,0.9763,0.8747,0.6673,0.5283,1.6403,11,7,7,July,2024
11:45:40,2024-07-07,Dogecoin,9,3856,119,301,149,0.7371712183910056,132670764299.0,132670764299.0,0.0,DOGE,0.1071684263632365,636353268.0,14218117034.0,1.0082,0.9764,0.8748,0.6673,0.5284,1.6405,11,7,7,July,2024
11:46:00,2024-07-07,Dogecoin,9,3856,119,301,149,0.7371712183910056,132670764299.0,132670764299.0,0.0,DOGE,0.10712149793012292,636124378.0,14211891003.0,1.0078,0.976,0.8744,0.667,0.5282,1.6397,11,7,7,July,2024
11:46:23,2024-07-07,Dogecoin,9,3856,119,301,149,0.7371712183910056,132670764299.0,132670764299.0,0.0,DOGE,0.10704436775372773,635576195.0,14201658083.0,1.0087,0.9734,0.8733,0.6671,0.5277,1.6385,11,7,7,July,2024
11:46:43,2024-07-07,Dogecoin,9,3856,119,301,149,0.7371712183910056,132670764299.0,132670764299.0,0.0,DOGE,0.10697717161071738,635009444.0,14192743120.0,1.0081,0.9728,0.8727,0.6667,0.5273,1.6375,11,7,7,July,2024
11:47:06,2024-07-07,Dogecoin,9,3856,119,301,149,0.7371712183910056,132670764299.0,132670764299.0,0.0,DOGE,0.10694921885333994,634713012.0,14189034606.0,1.0078,0.9726,0.8725,0.6665,0.5272,1.6371,11,7,7,July,2024
11:47:28,2024-07-07,Dogecoin,9,3856,119,301,149,0.7371712183910056,132670764299.0,132670764299.0,0.0,DOGE,0.10693225796147264,634641990.0,14186784391.0,1.0077,0.9724,0.8724,0.6664,0.5271,1.6368,11,7,7,July,2024
11:47:50,2024-07-07,Dogecoin,9,3856,119,301,149,0.7371712183910056,132670764299.0,132670764299.0,0.0,DOGE,0.10693622962309493,634478024.0,14187311315.0,1.0077,0.9724,0.8724,0.6664,0.5271,1.6369,11,7,7,July,2024
11:48:28,2024-07-07,Dogecoin,9,3856,119,301,149,0.7371712183910056,132670764299.0,132670764299.0,0.0,DOGE,0.10696291993142633,634585555.0,14190852338.0,1.0079,0.9727,0.8726,0.6666,0.5273,1.6373,11,7,7,July,2024
11:48:53,2024-07-07,Dogecoin,9,3856,119,301,149,0.7371712183910056,132670764299.0,132670764299.0,0.0,DOGE,0.10698187655004852,634535561.0,14193367328.0,1.0081,0.9729,0.8728,0.6667,0.5274,1.6376,11,7,7,July,2024
11:49:12,2024-07-07,Dogecoin,9,3856,119,301,149,0.7371712183910056,132670764299.0,132670764299.0,0.0,DOGE,0.10694671737502176,634261695.0,14188702733.0,1.0078,0.9725,0.8725,0.6665,0.5272,1.637,11,7,7,July,2024
11:49:47,2024-07-07,Dogecoin,9,3856,119,301,149,0.7371712183910056,132670764299.0,132670764299.0,0.0,DOGE,0.10683598803355382,633627001.0,14174012187.0,1.0067,0.9715,0.8716,0.6658,0.5266,1.6353,11,7,7,July,2024
11:50:25,2024-07-07,Dogecoin,9,3856,119,301,149,0.7371712183910056,132670764299.0,132670764299.0,0.0,DOGE,0.10679334570215661,633374357.0,14168354796.0,1.0063,0.9711,0.8712,0.6655,0.5264,1.6347,11,7,7,July,2024
11:51:45,2024-07-07,Dogecoin,9,3856,119,301,149,0.7371712183910056,132670764299.0,132670764299.0,0.0,DOGE,0.10669324348775985,632455267.0,14155074159.0,1.0079,0.972,0.8696,0.664,0.5259,1.6339,11,7,7,July,2024
11:52:08,2024-07-07,Dogecoin,9,3856,119,301,149,0.7371712183910056,132670764299.0,132670764299.0,0.0,DOGE,0.10667084820074356,632161904.0,14152102959.0,1.0077,0.9718,0.8695,0.6639,0.5258,1.6336,11,7,7,July,2024
11:52:42,2024-07-07,Dogecoin,9,3856,119,301,149,0.7371712183910056,132670764299.0,132670764299.0,0.0,DOGE,0.10671527010641954,632439245.0,14157996447.0,1.0081,0.9722,0.8698,0.6641,0.526,1.6343,11,7,7,July,2024
11:53:22,2024-07-07,Dogecoin,9,3856,119,301,149,0.7371712183910056,132670764299.0,132670764299.0,0.0,DOGE,0.1067249099203398,632332921.0,14159275368.0,1.0082,0.9723,0.8699,0.6642,0.5261,1.6344,11,7,7,July,2024
11:54:30,2024-07-07,Dogecoin,9,3856,119,301,149,0.7371712183910056,132670764299.0,132670764299.0,0.0,DOGE,0.10676632826361374,632249158.0,14164770372.0,1.0086,0.9726,0.8702,0.6645,0.5263,1.6351,11,7,7,July,2024
11:54:52,2024-07-07,Dogecoin,9,3856,119,301,149,0.7371712183910056,132670764299.0,132670764299.0,0.0,DOGE,0.10678309929876265,632225383.0,14166995398.0,1.0088,0.9728,0.8704,0.6646,0.5264,1.6353,11,7,7,July,2024
11:55:16,2024-07-07,Dogecoin,9,3856,119,301,149,0.7371712183910056,132670764299.0,132670764299.0,0.0,DOGE,0.10680595164208086,632345732.0,14170027236.0,1.009,0.973,0.8706,0.6647,0.5265,1.6357,11,7,7,July,2024
11:55:41,2024-07-07,Dogecoin,9,3856,119,301,149,0.7371712183910056,132670764299.0,132670764299.0,0.0,DOGE,0.10681518955078043,632195519.0,14171252836.0,1.0097,0.9749,0.8706,0.6651,0.5261,1.6359,11,7,7,July,2024
11:56:05,2024-07-07,Dogecoin,9,3856,119,301,149,0.7371712183910056,132670764299.0,132670764299.0,0.0,DOGE,0.10685516488381125,632321475.0,14176556394.0,1.0101,0.9753,0.8709,0.6654,0.5263,1.6365,11,7,7,July,2024
11:56:25,2024-07-07,Dogecoin,9,3856,119,301,149,0.7371712183910056,132670764299.0,132670764299.0,0.0,DOGE,0.10693018456301948,632678712.0,14186509312.0,1.0108,0.976,0.8715,0.6658,0.5266,1.6377,11,7,7,July,2024
11:56:47,2024-07-07,Dogecoin,9,3856,119,301,149,0.7371712183910056,132670764299.0,132670764299.0,0.0,DOGE,0.10693018456301948,632678712.0,14186509312.0,1.0108,0.976,0.8715,0.6658,0.5266,1.6377,11,7,7,July,2024
11:57:07,2024-07-07,Dogecoin,9,3856,119,301,149,0.7371712183910056,132670764299.0,132670764299.0,0.0,DOGE,0.10708271699005473,633232620.0,14206745906.0,1.0123,0.9773,0.8727,0.6668,0.5274,1.64,11,7,7,July,2024
11:57:35,2024-07-07,Dogecoin,9,3856,119,301,149,0.7371712183910056,132670764299.0,132670764299.0,0.0,DOGE,0.10718377928459441,633753127.0,14220153918.0,1.0132,0.9783,0.8736,0.6674,0.5279,1.6415,11,7,7,July,2024
11:58:02,2024-07-07,Dogecoin,9,3856,119,301,149,0.7371712183910056,132670764299.0,132670764299.0,0.0,DOGE,0.10722487107302514,633893995.0,14225605597.0,1.0136,0.9786,0.8739,0.6677,0.5281,1.6422,11,7,7,July,2024
11:58:29,2024-07-07,Dogecoin,9,3856,119,301,149,0.7371712183910056,132670764299.0,132670764299.0,0.0,DOGE,0.10717623283392975,633515611.0,14219152724.0,1.0131,0.9782,0.8735,0.6674,0.5279,1.6414,11,7,7,July,2024
11:58:53,2024-07-07,Dogecoin,9,3856,119,301,149,0.7371712183910056,132670764299.0,132670764299.0,0.0,DOGE,0.10713674499626694,633139459.0,14213913843.0,1.0128,0.9778,0.8732,0.6671,0.5277,1.6408,11,7,7,July,2024
11:59:17,2024-07-07,Dogecoin,9,3856,119,301,149,0.7371712183910056,132670764299.0,132670764299.0,0.0,DOGE,0.10711390931638279,632948072.0,14210884216.0,1.0125,0.9776,0.873,0.667,0.5275,1.6405,11,7,7,July,2024
12:00:57,2024-07-07,Dogecoin,9,3856,119,301,149,0.7371712183910056,132670764299.0,132670764299.0,0.0,DOGE,0.106992992927531,631325186.0,14194842146.0,1.0095,0.9776,0.8726,0.667,0.5273,1.638,12,7,7,July,2024
12:01:27,2024-07-07,Dogecoin,9,3856,119,301,149,0.7371712183910056,132670764299.0,132670764299.0,0.0,DOGE,0.10698054421508621,631141371.0,14193190566.0,1.0094,0.9775,0.8725,0.6669,0.5272,1.6378,12,7,7,July,2024
12:02:03,2024-07-07,Dogecoin,9,3856,119,301,149,0.7371712183910056,132670764299.0,132670764299.0,0.0,DOGE,0.1070485646616677,633428945.0,14202214890.0,1.01,0.9781,0.8731,0.6674,0.5276,1.6389,12,7,7,July,2024
12:10:30,2024-07-07,Dogecoin,9,3856,119,301,149,0.7371712183910056,132670764299.0,132670764299.0,0.0,DOGE,0.10730883053381789,631770141.0,14236744562.0,1.0074,0.9835,0.8756,0.6704,0.5274,1.6426,12,7,7,July,2024
12:11:33,2024-07-07,Dogecoin,9,3856,119,301,149,0.7371712183910056,132670764299.0,132670764299.0,0.0,DOGE,0.10737356767538289,632068559.0,14245333289.0,1.008,0.9841,0.8761,0.6708,0.5278,1.6436,12,7,7,July,2024
12:13:20,2024-07-07,Dogecoin,9,3856,119,301,149,0.7371712183910056,132670764299.0,132670764299.0,0.0,DOGE,0.10786933360158428,636368986.0,14311106933.0,1.0126,0.9886,0.8802,0.6739,0.5302,1.6511,12,7,7,July,2024
12:13:46,2024-07-07,Dogecoin,9,3856,119,301,149,0.7371712183910056,132670764299.0,132670764299.0,0.0,DOGE,0.1078697921839522,636574750.0,14311167773.0,1.0126,0.9886,0.8802,0.6739,0.5302,1.6511,12,7,7,July,2024
12:14:09,2024-07-07,Dogecoin,9,3856,119,301,149,0.7371712183910056,132670764299.0,132670764299.0,0.0,DOGE,0.10789981249196995,636905482.0,14315150591.0,1.0129,0.9889,0.8804,0.6741,0.5303,1.6516,12,7,7,July,2024
12:15:52,2024-07-07,Dogecoin,9,3856,119,301,149,0.7371712183910056,132670764299.0,132670764299.0,0.0,DOGE,0.10793958720151849,637668380.0,14320427532.0,1.0154,0.9887,0.8812,0.6742,0.5315,1.6506,12,7,7,July,2024
12:18:20,2024-07-07,Dogecoin,9,3856,119,301,149,0.7371712183910056,132670764299.0,132670764299.0,0.0,DOGE,0.10786194874829191,638764412.0,14310127179.0,1.0146,0.988,0.8806,0.6737,0.5311,1.6494,12,7,7,July,2024
12:18:47,2024-07-07,Dogecoin,9,3856,119,301,149,0.7371712183910056,132670764299.0,132670764299.0,0.0,DOGE,0.10792672060671135,639127271.0,14318720511.0,1.0152,0.9886,0.8811,0.6742,0.5314,1.6504,12,7,7,July,2024
12:31:53,2024-07-07,Dogecoin,9,3856,119,301,149,0.7371712183910056,132670764299.0,132670764299.0,0.0,DOGE,0.10735121494933521,631878404.0,14242367735.0,1.0042,0.9758,0.8781,0.6681,0.5296,1.6392,12,7,7,July,2024
12:49:30,2024-07-07,Dogecoin,9,3856,119,302,150,0.7371712183910056,132670764299.0,132670764299.0,0.0,DOGE,0.10811267326640478,623942140.0,14343390992.0,1.0089,0.9703,0.8839,0.6754,0.5319,1.6502,12,7,7,July,2024
12:53:32,2024-07-07,Dogecoin,9,3856,119,302,150,0.7371712183910056,132670764299.0,132670764299.0,0.0,DOGE,0.1079013447279085,620094821.0,14315353873.0,1.0101,0.9676,0.8823,0.6755,0.5312,1.6454,12,7,7,July,2024
12:54:55,2024-07-07,Dogecoin,9,3856,119,302,150,0.7371712183910056,132670764299.0,132670764299.0,0.0,DOGE,0.10793260752241991,619770513.0,14319501532.0,1.0104,0.9678,0.8825,0.6757,0.5314,1.6459,12,7,7,July,2024
12:56:23,2024-07-07,Dogecoin,9,3856,119,302,150,0.7371712183910056,132670764299.0,132670764299.0,0.0,DOGE,0.10788507307425152,618958927.0,14313195101.0,1.0102,0.9692,0.8831,0.6756,0.5309,1.6458,12,7,7,July,2024
12:56:44,2024-07-07,Dogecoin,9,3856,119,302,150,0.7371712183910056,132670764299.0,132670764299.0,0.0,DOGE,0.10787703540363681,618674595.0,14312128737.0,1.0101,0.9691,0.883,0.6756,0.5308,1.6456,12,7,7,July,2024
12:57:09,2024-07-07,Dogecoin,9,3856,119,302,150,0.7371712183910056,132670764299.0,132670764299.0,0.0,DOGE,0.10788491794819302,618285357.0,14313174520.0,1.0102,0.9692,0.8831,0.6756,0.5309,1.6457,12,7,7,July,2024
12:57:30,2024-07-07,Dogecoin,9,3856,119,302,150,0.7371712183910056,132670764299.0,132670764299.0,0.0,DOGE,0.10789665802804806,618127051.0,14314732085.0,1.0103,0.9693,0.8832,0.6757,0.5309,1.6459,12,7,7,July,2024
12:57:53,2024-07-07,Dogecoin,9,3856,119,302,150,0.7371712183910056,132670764299.0,132670764299.0,0.0,DOGE,0.10791519926167321,618126768.0,14317191965.0,1.0105,0.9695,0.8833,0.6758,0.531,1.6462,12,7,7,July,2024
12:58:14,2024-07-07,Dogecoin,9,3856,119,302,150,0.7371712183910056,132670764299.0,132670764299.0,0.0,DOGE,0.1079210357813983,618116992.0,14317966301.0,1.0105,0.9695,0.8834,0.6759,0.5311,1.6463,12,7,7,July,2024
12:58:35,2024-07-07,Dogecoin,9,3856,119,302,150,0.7371712183910056,132670764299.0,132670764299.0,0.0,DOGE,0.10797521492456719,618255034.0,14325154289.0,1.011,0.97,0.8838,0.6762,0.5313,1.6471,12,7,7,July,2024
12:58:57,2024-07-07,Dogecoin,9,3856,119,302,150,0.7371712183910056,132670764299.0,132670764299.0,0.0,DOGE,0.1079841867561265,618251997.0,14326344589.0,1.0111,0.9701,0.8839,0.6763,0.5314,1.6473,12,7,7,July,2024
12:59:43,2024-07-07,Dogecoin,9,3856,119,302,150,0.7371712183910056,132670764299.0,132670764299.0,0.0,DOGE,0.10798749655930215,617782611.0,14326783703.0,1.0111,0.9701,0.8839,0.6763,0.5314,1.6473,12,7,7,July,2024
13:00:04,2024-07-07,Dogecoin,9,3856,119,302,150,0.7371712183910056,132670764299.0,132670764299.0,0.0,DOGE,0.10800032865930972,617637275.0,14328486147.0,1.0113,0.9702,0.884,0.6764,0.5314,1.6475,13,7,7,July,2024
13:00:27,2024-07-07,Dogecoin,9,3856,119,302,150,0.7371712183910056,132670764299.0,132670764299.0,0.0,DOGE,0.10801173564597948,617566300.0,14329999521.0,1.0114,0.9703,0.8841,0.6764,0.5315,1.6477,13,7,7,July,2024
13:00:50,2024-07-07,Dogecoin,9,3856,119,302,150,0.7371712183910056,132670764299.0,132670764299.0,0.0,DOGE,0.108078600828835,617582129.0,14338870576.0,1.0095,0.967,0.8846,0.6779,0.5324,1.6496,13,7,7,July,2024
13:01:12,2024-07-07,Dogecoin,9,3856,119,302,150,0.7371712183910056,132670764299.0,132670764299.0,0.0,DOGE,0.10809176394363336,617109543.0,14340616936.0,1.0096,0.9672,0.8847,0.678,0.5324,1.6498,13,7,7,July,2024
13:01:33,2024-07-07,Dogecoin,9,3856,119,302,150,0.7371712183910056,132670764299.0,132670764299.0,0.0,DOGE,0.10812010250071603,613728047.0,14344376634.0,1.0099,0.9674,0.8849,0.6782,0.5326,1.6502,13,7,7,July,2024
13:01:56,2024-07-07,Dogecoin,9,3856,119,302,150,0.7371712183910056,132670764299.0,132670764299.0,0.0,DOGE,0.10812185767829825,613635476.0,14344609495.0,1.0099,0.9674,0.8849,0.6782,0.5326,1.6503,13,7,7,July,2024
13:02:18,2024-07-07,Dogecoin,9,3856,119,302,150,0.7371712183910056,132670764299.0,132670764299.0,0.0,DOGE,0.10813581884574969,613545038.0,14346461734.0,1.01,0.9675,0.885,0.6783,0.5327,1.6505,13,7,7,July,2024
13:02:41,2024-07-07,Dogecoin,9,3856,119,302,150,0.7371712183910056,132670764299.0,132670764299.0,0.0,DOGE,0.10816079858409254,613701563.0,14349775815.0,1.0103,0.9678,0.8852,0.6785,0.5328,1.6509,13,7,7,July,2024
13:03:07,2024-07-07,Dogecoin,9,3856,119,302,150,0.7371712183910056,132670764299.0,132670764299.0,0.0,DOGE,0.10819127301316102,613577826.0,14353818881.0,1.0106,0.968,0.8855,0.6787,0.5329,1.6513,13,7,7,July,2024
13:03:28,2024-07-07,Dogecoin,9,3856,119,302,150,0.7371712183910056,132670764299.0,132670764299.0,0.0,DOGE,0.10820382749378218,613544647.0,14355484493.0,1.0107,0.9682,0.8856,0.6787,0.533,1.6515,13,7,7,July,2024
13:03:54,2024-07-07,Dogecoin,9,3856,119,302,150,0.7371712183910056,132670764299.0,132670764299.0,0.0,DOGE,0.10821056387689441,613559598.0,14356378214.0,1.0107,0.9682,0.8856,0.6788,0.533,1.6516,13,7,7,July,2024
13:04:15,2024-07-07,Dogecoin,9,3856,119,302,150,0.7371712183910056,132670764299.0,132670764299.0,0.0,DOGE,0.10820592126690778,613357534.0,14355762276.0,1.0107,0.9682,0.8856,0.6787,0.533,1.6516,13,7,7,July,2024
13:04:40,2024-07-07,Dogecoin,9,3856,119,302,150,0.7371712183910056,132670764299.0,132670764299.0,0.0,DOGE,0.10819668533324588,613172756.0,14354536937.0,1.0106,0.9681,0.8855,0.6787,0.533,1.6514,13,7,7,July,2024
13:05:03,2024-07-07,Dogecoin,9,3856,119,302,150,0.7371712183910056,132670764299.0,132670764299.0,0.0,DOGE,0.10820956798183692,612948223.0,14356246088.0,1.0107,0.9682,0.8856,0.6788,0.533,1.6516,13,7,7,July,2024
13:05:30,2024-07-07,Dogecoin,9,3856,119,302,150,0.7371712183910056,132670764299.0,132670764299.0,0.0,DOGE,0.1082210424110421,612822946.0,14357768409.0,1.0108,0.9683,0.8857,0.6788,0.5331,1.6518,13,7,7,July,2024
13:05:51,2024-07-07,Dogecoin,9,3856,119,302,150,0.7371712183910056,132670764299.0,132670764299.0,0.0,DOGE,0.1082838339909165,612767868.0,14366099016.0,1.0114,0.9689,0.8862,0.6792,0.5334,1.6527,13,7,7,July,2024
13:06:16,2024-07-07,Dogecoin,9,3856,119,302,150,0.7371712183910056,132670764299.0,132670764299.0,0.0,DOGE,0.10834635027951779,612777034.0,14374393100.0,1.0121,0.9697,0.8864,0.6814,0.5344,1.6537,13,7,7,July,2024
13:06:34,2024-07-07,Dogecoin,9,3856,119,302,150,0.7371712183910056,132670764299.0,132670764299.0,0.0,DOGE,0.10852262332857862,612961517.0,14397779380.0,1.0138,0.9713,0.8878,0.6825,0.5353,1.6564,13,7,7,July,2024
13:06:55,2024-07-07,Dogecoin,9,3856,119,302,150,0.7371712183910056,132670764299.0,132670764299.0,0.0,DOGE,0.10854236352486746,612888724.0,14400398327.0,1.0139,0.9715,0.888,0.6826,0.5354,1.6567,13,7,7,July,2024
13:07:15,2024-07-07,Dogecoin,9,3856,119,302,150,0.7371712183910056,132670764299.0,132670764299.0,0.0,DOGE,0.10853682171195098,612520670.0,14399663091.0,1.0139,0.9714,0.8879,0.6826,0.5354,1.6566,13,7,7,July,2024
13:07:45,2024-07-07,Dogecoin,9,3856,119,302,150,0.7371712183910056,132670764299.0,132670764299.0,0.0,DOGE,0.10849539271528155,611982682.0,14394166674.0,1.0135,0.971,0.8876,0.6823,0.5352,1.656,13,7,7,July,2024
13:08:17,2024-07-07,Dogecoin,9,3856,119,302,150,0.7371712183910056,132670764299.0,132670764299.0,0.0,DOGE,0.10847273856089167,611734658.0,14391161130.0,1.0133,0.9708,0.8874,0.6821,0.5351,1.6556,13,7,7,July,2024
13:08:47,2024-07-07,Dogecoin,9,3856,119,302,150,0.7371712183910056,132670764299.0,132670764299.0,0.0,DOGE,0.1084728684517308,611703760.0,14391178363.0,1.0133,0.9708,0.8874,0.6821,0.5351,1.6556,13,7,7,July,2024
13:09:12,2024-07-07,Dogecoin,9,3856,119,302,150,0.7371712183910056,132670764299.0,132670764299.0,0.0,DOGE,0.1084568192855265,611441359.0,14389049108.0,1.0132,0.9707,0.8873,0.682,0.535,1.6554,13,7,7,July,2024
13:10:05,2024-07-07,Dogecoin,9,3856,119,302,150,0.7371712183910056,132670764299.0,132670764299.0,0.0,DOGE,0.10834812982173427,610597408.0,14374629193.0,1.0121,0.9697,0.8864,0.6814,0.5345,1.6537,13,7,7,July,2024
13:10:25,2024-07-07,Dogecoin,9,3856,119,302,150,0.7371712183910056,132670764299.0,132670764299.0,0.0,DOGE,0.10834812982173427,610597408.0,14374629193.0,1.0121,0.9697,0.8864,0.6814,0.5345,1.6537,13,7,7,July,2024
13:10:49,2024-07-07,Dogecoin,9,3856,119,302,150,0.7371712183910056,132670764299.0,132670764299.0,0.0,DOGE,0.10829894851981724,609910658.0,14368104272.0,1.0117,0.9693,0.886,0.6811,0.5342,1.653,13,7,7,July,2024
13:11:11,2024-07-07,Dogecoin,9,3856,119,302,150,0.7371712183910056,132670764299.0,132670764299.0,0.0,DOGE,0.10828856151968899,609770071.0,14366726221.0,1.0116,0.9692,0.8859,0.681,0.5342,1.6528,13,7,7,July,2024
13:11:35,2024-07-07,Dogecoin,9,3856,119,302,150,0.7371712183910056,132670764299.0,132670764299.0,0.0,DOGE,0.10826379928523994,609808264.0,14363440997.0,1.0091,0.965,0.8855,0.681,0.5349,1.6548,13,7,7,July,2024
13:11:58,2024-07-07,Dogecoin,9,3856,119,302,150,0.7371712183910056,132670764299.0,132670764299.0,0.0,DOGE,0.10828113640171588,609749051.0,14365741125.0,1.0093,0.9651,0.8857,0.6811,0.535,1.6551,13,7,7,July,2024
13:12:35,2024-07-07,Dogecoin,9,3856,119,302,150,0.7371712183910056,132670764299.0,132670764299.0,0.0,DOGE,0.10828510499350273,609599859.0,14366267641.0,1.0093,0.9652,0.8857,0.6812,0.535,1.6551,13,7,7,July,2024
13:13:02,2024-07-07,Dogecoin,9,3856,119,302,150,0.7371712183910056,132670764299.0,132670764299.0,0.0,DOGE,0.10826910038176008,609373047.0,14364144297.0,1.0092,0.965,0.8856,0.6811,0.5349,1.6549,13,7,7,July,2024
13:13:28,2024-07-07,Dogecoin,9,3856,119,302,150,0.7371712183910056,132670764299.0,132670764299.0,0.0,DOGE,0.10826212740682864,609178604.0,14363219187.0,1.0091,0.965,0.8855,0.681,0.5349,1.6548,13,7,7,July,2024
13:13:49,2024-07-07,Dogecoin,9,3856,119,302,150,0.7371712183910056,132670764299.0,132670764299.0,0.0,DOGE,0.10823097439570313,608927237.0,14359086093.0,1.0088,0.9647,0.8853,0.6808,0.5347,1.6543,13,7,7,July,2024
13:14:11,2024-07-07,Dogecoin,9,3856,119,302,150,0.7371712183910056,132670764299.0,132670764299.0,0.0,DOGE,0.10821497154380481,608702630.0,14356962983.0,1.0087,0.9646,0.8851,0.6807,0.5346,1.6541,13,7,7,July,2024
