Time,Date,Name,Rank,Age,Exchanges,Markets,Pairs,All_Time_High,Circulating_Supply,Total_Supply,Max_Supply,Code,Rate,Volume,Cap,Delta_Hour_Change,Delta_Day_Change,Delta_Week_Change,Delta_Month_Change,Delta_Quarter_Change,Delta_Year_Change,Hour,Day,Month_Number,Month_Name,Year
12:45:52,2024-07-19,Huobi Global,BTC,huobi,33033.95454318178,299.25668037401925,214.84413310742164,514.1008134814409,12,19,7,July,2024
12:45:57,2024-07-19,Huobi Global,ETH,huobi,628477.5621252528,5693.417925041572,4087.452407060807,9780.870332102379,12,19,7,July,2024
12:46:06,2024-07-19,Huobi Global,BNB,huobi,3650570.2790938723,33070.746699903444,23742.34686114871,56813.09356105215,12,19,7,July,2024
12:46:16,2024-07-19,Huobi Global,ADA,huobi,5020886556.505978,45497563.867879726,32661294.79136449,78158858.65924421,12,19,7,July,2024
12:46:28,2024-07-19,Huobi Global,DOGE,huobi,17577269478.238575,159279229.21756226,114341635.40542446,273620864.6229867,12,19,7,July,2024
12:46:37,2024-07-19,Huobi Global,SOL,huobi,12882892.851017166,116740.38712001852,83804.3155202152,200544.7026402337,12,19,7,July,2024
12:46:47,2024-07-19,Huobi Global,USDT,huobi,2192012090.3702464,19863266.96657881,14259225.390593125,34122492.35717194,12,19,7,July,2024
12:46:56,2024-07-19,Huobi Global,TONCOIN,huobi,300862562.8030026,2726314.0707384134,1957136.6022323675,4683450.67297078,12,19,7,July,2024
12:47:05,2024-07-19,Huobi Global,USDC,huobi,2190932817.0754786,19853486.959580652,14252204.625864794,34105691.58544545,12,19,7,July,2024
12:47:14,2024-07-19,Huobi Global,XRP,huobi,3778741443.7536364,34241667.92906515,24581035.01160768,58822702.94067283,12,19,7,July,2024
12:47:32,2024-07-19,Huobi Global,BTC,huobi,33039.56267583353,299.93322205828997,215.05524132564827,514.9884633839382,12,19,7,July,2024
12:47:37,2024-07-19,Huobi Global,ETH,huobi,628426.4625229858,5704.8567979103,4090.441688931788,9795.298486842088,12,19,7,July,2024
12:47:46,2024-07-19,Huobi Global,BNB,huobi,3648062.68640461,33117.12102667387,23745.320393410555,56862.441420084426,12,19,7,July,2024
12:47:55,2024-07-19,Huobi Global,ADA,huobi,5018578105.021344,45558662.98712334,32666035.44593532,78224698.43305866,12,19,7,July,2024
12:48:05,2024-07-19,Huobi Global,DOGE,huobi,17574651157.45212,159542721.5524452,114393791.557188,273936513.1096332,12,19,7,July,2024
12:48:15,2024-07-19,Huobi Global,SOL,huobi,12879668.030633561,116921.65448347952,83834.04295324134,200755.69743672086,12,19,7,July,2024
12:48:24,2024-07-19,Huobi Global,USDT,huobi,2190653106.830171,19886753.683461107,14259009.332915096,34145763.0163762,12,19,7,July,2024
12:48:33,2024-07-19,Huobi Global,TONCOIN,huobi,300715495.6986816,2729895.926066036,1957363.7863295476,4687259.712395583,12,19,7,July,2024
12:48:42,2024-07-19,Huobi Global,USDC,huobi,2189381338.567459,19875208.56839741,14250731.365275778,34125939.93367319,12,19,7,July,2024
12:48:52,2024-07-19,Huobi Global,XRP,huobi,3781457413.221139,34328078.647760406,24613589.608973768,58941668.25673417,12,19,7,July,2024
12:55:59,2024-07-19,Huobi Global,BTC,huobi,33115.1693361782,242.49555852504375,222.85612389735007,465.35168242239376,12,19,7,July,2024
12:56:03,2024-07-19,Huobi Global,ETH,huobi,629048.5079967448,4606.392548908548,4233.3261476761245,8839.71869658467,12,19,7,July,2024
12:56:11,2024-07-19,Huobi Global,BNB,huobi,3657466.942548977,26782.876452071832,24613.762285934485,51396.63873800632,12,19,7,July,2024
12:56:21,2024-07-19,Huobi Global,ADA,huobi,5035918690.915116,36876994.44453769,33890369.34482674,70767363.78936443,12,19,7,July,2024
12:56:47,2024-07-19,Huobi Global,DOGE,huobi,17655954486.433956,129290915.01890771,118819793.44904071,248110708.4679484,12,19,7,July,2024
12:56:53,2024-07-19,Huobi Global,SOL,huobi,12936275.215732709,94710.62932774276,87061.60011129167,181772.22943903445,12,19,7,July,2024
12:56:58,2024-07-19,Huobi Global,USDT,huobi,2192886552.2843304,16054827.370911766,14758205.814315151,30813033.185226917,12,19,7,July,2024
12:57:03,2024-07-19,Huobi Global,TONCOIN,huobi,301126729.51480556,2204645.5864719977,2026593.78148938,4231239.367961378,12,19,7,July,2024
12:57:07,2024-07-19,Huobi Global,USDC,huobi,2191824418.639061,16047051.149063045,14751057.616464758,30798108.765527803,12,19,7,July,2024
12:57:16,2024-07-19,Huobi Global,XRP,huobi,3797182509.4992003,27800393.78797317,25555175.63429373,53355569.4222669,12,19,7,July,2024
13:05:15,2024-07-19,Huobi Global,BTC,huobi,33108.923686976355,242.54248518454946,222.08863285689895,464.6311180414484,13,19,7,July,2024
13:05:20,2024-07-19,Huobi Global,ETH,huobi,629694.3597109598,4612.884319494397,4223.875133727698,8836.759453222096,13,19,7,July,2024
13:05:30,2024-07-19,Huobi Global,BNB,huobi,3671923.239411492,26900.967656850535,24632.97939263869,51533.94704948922,13,19,7,July,2024
13:05:41,2024-07-19,Huobi Global,ADA,huobi,5038855601.750776,36915284.64303157,33803001.34495791,70718285.98798949,13,19,7,July,2024
13:05:51,2024-07-19,Huobi Global,DOGE,huobi,17675627574.745693,129493852.32219005,118576381.20737241,248070233.52956247,13,19,7,July,2024
13:06:02,2024-07-19,Huobi Global,SOL,huobi,12967266.92251652,94999.81490252308,86990.49464127397,181990.30954379705,13,19,7,July,2024
13:06:11,2024-07-19,Huobi Global,USDT,huobi,2193224519.590648,16067836.39496114,14713176.412469108,30781012.80743025,13,19,7,July,2024
13:06:21,2024-07-19,Huobi Global,TONCOIN,huobi,301474863.3188211,2208642.452120771,2022434.4604549261,4231076.9125756975,13,19,7,July,2024
13:06:30,2024-07-19,Huobi Global,USDC,huobi,2192167463.3717194,16060092.269252935,14706085.184695536,30766177.453948475,13,19,7,July,2024
13:06:40,2024-07-19,Huobi Global,XRP,huobi,3803794197.018278,27867070.740755588,25517631.48622007,53384702.22697566,13,19,7,July,2024
13:07:00,2024-07-19,Huobi Global,BTC,huobi,33116.23439146678,242.57963695266952,222.11955063397585,464.69918758664534,13,19,7,July,2024
13:07:05,2024-07-19,Huobi Global,ETH,huobi,629943.4883687919,4614.397304440367,4225.201540345716,8839.598844786084,13,19,7,July,2024
13:07:15,2024-07-19,Huobi Global,BNB,huobi,3673527.7326759426,26908.94783489373,24639.345149510158,51548.29298440389,13,19,7,July,2024
13:07:26,2024-07-19,Huobi Global,ADA,huobi,5041325846.659078,36928202.01676628,33813537.445788234,70741739.46255451,13,19,7,July,2024
13:07:35,2024-07-19,Huobi Global,DOGE,huobi,17682505521.270336,129526072.29004897,118601352.25638501,248127424.546434,13,19,7,July,2024
13:07:45,2024-07-19,Huobi Global,SOL,huobi,12971956.314430077,95020.84132280362,87006.42329513222,182027.26461793584,13,19,7,July,2024
13:07:55,2024-07-19,Huobi Global,USDT,huobi,2194116797.295254,16072118.883685146,14716535.43976786,30788654.323453005,13,19,7,July,2024
13:08:04,2024-07-19,Huobi Global,TONCOIN,huobi,301603692.60952103,2209276.374600561,2022937.6287189452,4232214.0033195065,13,19,7,July,2024
13:08:14,2024-07-19,Huobi Global,USDC,huobi,2193079155.5518293,16064518.057020152,14709575.695642244,30774093.752662394,13,19,7,July,2024
13:08:24,2024-07-19,Huobi Global,XRP,huobi,3804709868.2973895,27869869.73372913,25519219.25207265,53389088.98580178,13,19,7,July,2024
13:08:43,2024-07-19,Huobi Global,BTC,huobi,33105.84320207036,242.68616018098152,222.15254261417505,464.83870279515656,13,19,7,July,2024
13:08:47,2024-07-19,Huobi Global,ETH,huobi,629758.7113021524,4616.51807366999,4225.91559125279,8842.43366492278,13,19,7,July,2024
13:08:57,2024-07-19,Huobi Global,BNB,huobi,3672588.8680057903,26922.33165183371,24644.439654477017,51566.77130631072,13,19,7,July,2024
13:09:06,2024-07-19,Huobi Global,ADA,huobi,5039704854.191005,36944131.343936905,33818297.28818131,70762428.63211821,13,19,7,July,2024
13:09:15,2024-07-19,Huobi Global,DOGE,huobi,17678453973.03462,129593923.5398687,118629012.87926418,248222936.4191329,13,19,7,July,2024
13:09:25,2024-07-19,Huobi Global,SOL,huobi,12965928.157888569,95048.21546498654,87006.20884495514,182054.42430994168,13,19,7,July,2024
13:09:35,2024-07-19,Huobi Global,USDT,huobi,2193337496.4731245,16075743.086490558,14675062.26324105,30750805.34973161,13,19,7,July,2024
13:09:44,2024-07-19,Huobi Global,TONCOIN,huobi,301573485.13735455,2210338.297941507,2017751.33943118,4228089.6373726865,13,19,7,July,2024
13:09:54,2024-07-19,Huobi Global,USDC,huobi,2192197807.9977455,16067389.908213943,14667436.898077788,30734826.806291733,13,19,7,July,2024
13:10:03,2024-07-19,Huobi Global,XRP,huobi,3804083824.7544,27881470.291079503,25452155.48114486,53333625.77222436,13,19,7,July,2024
13:10:23,2024-07-19,Huobi Global,BTC,huobi,33121.14684410451,242.75273094695532,221.5415072373458,464.29423818430115,13,19,7,July,2024
13:10:27,2024-07-19,Huobi Global,ETH,huobi,629964.7614919472,4617.1609628227,4213.72313658828,8830.88409941098,13,19,7,July,2024
13:10:36,2024-07-19,Huobi Global,BNB,huobi,3675234.457222829,26936.663925331373,24582.99481404289,51519.65873937427,13,19,7,July,2024
13:10:46,2024-07-19,Huobi Global,ADA,huobi,5040989499.790928,36946606.15192413,33718289.31551934,70664895.46744348,13,19,7,July,2024
13:10:55,2024-07-19,Huobi Global,DOGE,huobi,17688183910.725807,129640889.85297269,118313141.21814835,247954031.07112104,13,19,7,July,2024
13:11:05,2024-07-19,Huobi Global,SOL,huobi,12963576.182892606,95013.12065213818,86711.07375182543,181724.1944039636,13,19,7,July,2024
13:11:14,2024-07-19,Huobi Global,USDT,huobi,2194869700.7095675,16086719.956522679,14681096.15809792,30767816.114620596,13,19,7,July,2024
13:11:24,2024-07-19,Huobi Global,TONCOIN,huobi,301834098.6409993,2212213.607303196,2018915.029219624,4231128.636522819,13,19,7,July,2024
13:11:34,2024-07-19,Huobi Global,USDC,huobi,2193718318.1332664,16078281.200881837,14673394.763198728,30751675.964080565,13,19,7,July,2024
13:11:44,2024-07-19,Huobi Global,XRP,huobi,3806745835.132754,27900541.966405723,25462651.21658714,53363193.18299286,13,19,7,July,2024
13:12:03,2024-07-19,Huobi Global,BTC,huobi,33111.39724040608,243.39646688281894,221.50642012439855,464.9028870072175,13,19,7,July,2024
13:12:09,2024-07-19,Huobi Global,ETH,huobi,629824.0468130158,4629.73358203857,4213.354963697141,8843.08854573571,13,19,7,July,2024
13:12:18,2024-07-19,Huobi Global,BNB,huobi,3674577.3000010727,27011.2168814384,24581.94250408605,51593.15938552445,13,19,7,July,2024
13:12:28,2024-07-19,Huobi Global,ADA,huobi,5038627505.74567,37091922.70450724,33851945.848020986,70943868.55252823,13,19,7,July,2024
13:12:38,2024-07-19,Huobi Global,DOGE,huobi,17681418288.465904,130161993.46230102,118792352.42827813,248954345.89057916,13,19,7,July,2024
13:12:48,2024-07-19,Huobi Global,SOL,huobi,12954708.87447735,95366.25989588727,87036.02375758157,182402.28365346882,13,19,7,July,2024
13:12:59,2024-07-19,Huobi Global,USDT,huobi,2194306529.2678595,16153416.397776335,14742416.604130665,30895833.001907002,13,19,7,July,2024
13:13:09,2024-07-19,Huobi Global,TONCOIN,huobi,301687484.0756809,2220876.3849861873,2026882.9879386483,4247759.372924836,13,19,7,July,2024
13:15:34,2024-07-19,Huobi Global,USDT,huobi,2194306529.2678595,16153416.397776335,14742416.604130665,30895833.001907002,13,19,7,July,2024
13:15:39,2024-07-19,Huobi Global,TONCOIN,huobi,301687484.0756809,2220876.3849861873,2026882.9879386483,4247759.372924836,13,19,7,July,2024
13:15:48,2024-07-19,Huobi Global,USDC,huobi,2193146924.010621,16144879.948411867,14734625.813021708,30879505.76143358,13,19,7,July,2024
13:15:59,2024-07-19,Huobi Global,XRP,huobi,3805472314.7537985,28014034.534609023,25567010.575457115,53581045.11006614,13,19,7,July,2024
13:16:17,2024-07-19,Huobi Global,BTC,huobi,33092.16115982635,243.6861593313679,222.64494080044682,466.3311001318147,13,19,7,July,2024
13:16:21,2024-07-19,Huobi Global,ETH,huobi,629296.72799457,4634.0552369532215,4233.92513029213,8867.98036724535,13,19,7,July,2024
13:16:31,2024-07-19,Huobi Global,BNB,huobi,3673777.906334026,27053.199212561503,24717.275505798996,51770.4747183605,13,19,7,July,2024
13:16:41,2024-07-19,Huobi Global,ADA,huobi,5037490012.254095,37095389.08104265,33892366.840118475,70987755.92116113,13,19,7,July,2024
13:16:51,2024-07-19,Huobi Global,DOGE,huobi,17678681174.02536,130183395.89654666,118942637.333678,249126033.23022467,13,19,7,July,2024
13:17:00,2024-07-19,Huobi Global,SOL,huobi,12950446.079467116,95365.31783135656,87130.94580848057,182496.26363983713,13,19,7,July,2024
13:17:10,2024-07-19,Huobi Global,USDT,huobi,2193867905.4840693,16155343.901104424,14760401.642594445,30915745.54369887,13,19,7,July,2024
13:17:19,2024-07-19,Huobi Global,TONCOIN,huobi,301602546.82871336,2221158.5091348803,2029371.3279910805,4250529.837125961,13,19,7,July,2024
13:17:29,2024-07-19,Huobi Global,USDC,huobi,2192679199.7355576,16148033.607493494,14753722.56041619,30901756.16790968,13,19,7,July,2024
13:17:38,2024-07-19,Huobi Global,XRP,huobi,3802749522.2823286,28005431.480401095,25587286.742755182,53592718.22315628,13,19,7,July,2024
13:17:56,2024-07-19,Huobi Global,BTC,huobi,33083.30640409527,243.68615932842775,222.64494079857056,466.33110012699836,13,19,7,July,2024
13:18:00,2024-07-19,Huobi Global,ETH,huobi,629542.834583885,4650.0969556818045,4235.131975370154,8885.228931051959,13,19,7,July,2024
13:18:09,2024-07-19,Huobi Global,BNB,huobi,3675813.0318530863,27151.26922280609,24728.346430903548,51879.61565370964,13,19,7,July,2024
13:18:19,2024-07-19,Huobi Global,ADA,huobi,5040028185.856557,37227998.53498959,33905849.37845677,71133847.91344637,13,19,7,July,2024
13:18:28,2024-07-19,Huobi Global,DOGE,huobi,17688965292.053375,130658946.67534044,118999214.03935198,249658160.7146924,13,19,7,July,2024
13:18:38,2024-07-19,Huobi Global,SOL,huobi,12955619.352046486,95696.24622563495,87156.51225677686,182852.75848241182,13,19,7,July,2024
13:18:47,2024-07-19,Huobi Global,USDT,huobi,2194706341.571015,16211124.512759516,14764477.479723481,30975601.992482997,13,19,7,July,2024
13:18:57,2024-07-19,Huobi Global,TONCOIN,huobi,301778973.7859227,2229080.231241536,2030161.7478021702,4259241.979043706,13,19,7,July,2024
13:19:06,2024-07-19,Huobi Global,USDC,huobi,2193713452.038611,16203790.567651538,14757798.00062263,30961588.568274166,13,19,7,July,2024
13:19:17,2024-07-19,Huobi Global,XRP,huobi,3804784256.199707,28103910.829951353,25595976.28248314,53699887.11243449,13,19,7,July,2024
13:23:57,2024-07-19,Huobi Global,BTC,huobi,33156.46746211389,299.21039475327973,190.8577408739199,490.0681356271997,13,19,7,July,2024
13:24:01,2024-07-19,Huobi Global,ETH,huobi,630690.1154493756,5691.924466667469,3630.6959703123407,9322.620436979809,13,19,7,July,2024
13:24:10,2024-07-19,Huobi Global,BNB,huobi,3692184.376120857,33321.64889078012,21254.810576000207,54576.459466780325,13,19,7,July,2024
13:24:20,2024-07-19,Huobi Global,ADA,huobi,5048123698.683511,45558885.556383744,29060551.166858464,74619436.72324221,13,19,7,July,2024
13:24:29,2024-07-19,Huobi Global,DOGE,huobi,17682714684.53796,159584990.92428005,101794144.82117105,261379135.7454511,13,19,7,July,2024
13:24:39,2024-07-19,Huobi Global,SOL,huobi,12970624.018846065,117058.77481243112,74668.03617828523,191726.81099071633,13,19,7,July,2024
13:24:48,2024-07-19,Huobi Global,USDT,huobi,2202131354.13298,19874047.533588123,12677017.1875174,32551064.721105523,13,19,7,July,2024
13:24:57,2024-07-19,Huobi Global,TONCOIN,huobi,302580313.59848565,2730761.5069819167,1741865.1384683817,4472626.645450299,13,19,7,July,2024
13:25:07,2024-07-19,Huobi Global,USDC,huobi,2201008809.3471327,19863916.662697684,12670555.030063787,32534471.692761473,13,19,7,July,2024
13:25:16,2024-07-19,Huobi Global,XRP,huobi,3802755550.8011985,34319544.30574594,21891336.03994945,56210880.34569539,13,19,7,July,2024
13:25:35,2024-07-19,Huobi Global,BTC,huobi,33154.094493003235,299.21287331492636,190.85829050822267,490.07116382314905,13,19,7,July,2024
13:25:39,2024-07-19,Huobi Global,ETH,huobi,630690.1154493756,5691.924466667469,3630.6959703123407,9322.620436979809,13,19,7,July,2024
13:25:49,2024-07-19,Huobi Global,BNB,huobi,3692184.376120857,33321.64889078012,21254.810576000207,54576.459466780325,13,19,7,July,2024
13:25:58,2024-07-19,Huobi Global,ADA,huobi,5048123698.683511,45558885.556383744,29060551.166858464,74619436.72324221,13,19,7,July,2024
13:26:07,2024-07-19,Huobi Global,DOGE,huobi,17682714684.53796,159584990.92428005,101794144.82117105,261379135.7454511,13,19,7,July,2024
13:26:17,2024-07-19,Huobi Global,SOL,huobi,12970624.018846065,117058.77481243112,74668.03617828523,191726.81099071633,13,19,7,July,2024
13:26:26,2024-07-19,Huobi Global,USDT,huobi,2202131354.13298,19874047.533588123,12677017.1875174,32551064.721105523,13,19,7,July,2024
13:26:35,2024-07-19,Huobi Global,TONCOIN,huobi,302580313.59848565,2730761.5069819167,1741865.1384683817,4472626.645450299,13,19,7,July,2024
13:26:45,2024-07-19,Huobi Global,USDC,huobi,2201008809.3471327,19863916.662697684,12670555.030063787,32534471.692761473,13,19,7,July,2024
13:26:55,2024-07-19,Huobi Global,XRP,huobi,3802248186.332399,34315330.83363293,21888380.001276866,56203710.834909804,13,19,7,July,2024
13:27:14,2024-07-19,Huobi Global,BTC,huobi,33152.093391509276,299.1979999218504,190.8464630477274,490.04446296957786,13,19,7,July,2024
13:27:19,2024-07-19,Huobi Global,ETH,huobi,630515.2860804554,5690.407247819266,3629.6836771339313,9320.090924953198,13,19,7,July,2024
13:27:24,2024-07-19,Huobi Global,BNB,huobi,3691376.571295406,33314.71331378516,21250.12602037989,54564.83933416505,13,19,7,July,2024
13:27:34,2024-07-19,Huobi Global,ADA,huobi,5047236948.322469,45551367.81970186,29055399.560314033,74606767.3800159,13,19,7,July,2024
13:27:43,2024-07-19,Huobi Global,DOGE,huobi,17697091050.28079,159715936.37838304,101853719.23605,261569655.61443302,13,19,7,July,2024
13:27:53,2024-07-19,Huobi Global,SOL,huobi,12986028.126979401,117198.67611257084,74739.69925785187,191938.37537042273,13,19,7,July,2024
13:28:03,2024-07-19,Huobi Global,USDT,huobi,2205077779.508882,19900788.29005283,12691089.875145705,32591878.16519854,13,19,7,July,2024
13:28:13,2024-07-19,Huobi Global,TONCOIN,huobi,302981197.42742443,2734399.993460905,1743775.9532850166,4478175.946745921,13,19,7,July,2024
13:28:22,2024-07-19,Huobi Global,USDC,huobi,2203936304.5083766,19890486.498191096,12684520.237577245,32575006.73576834,13,19,7,July,2024
13:28:32,2024-07-19,Huobi Global,XRP,huobi,3807373803.112987,34361481.803930014,21912933.67181999,56274415.47575,13,19,7,July,2024
13:28:52,2024-07-19,Huobi Global,BTC,huobi,33196.81149723551,299.6006415966039,191.06070642710824,490.66134802371215,13,19,7,July,2024
13:28:57,2024-07-19,Huobi Global,ETH,huobi,631276.7676911922,5697.261757836636,3633.2460783513725,9330.50783618801,13,19,7,July,2024
13:29:01,2024-07-19,Huobi Global,BNB,huobi,3696370.1566202263,33359.67584098194,21274.064028671943,54633.73986965388,13,19,7,July,2024
13:29:11,2024-07-19,Huobi Global,ADA,huobi,5053078507.491937,45603944.91527192,29082454.1794758,74686399.09474772,13,19,7,July,2024
13:29:20,2024-07-19,Huobi Global,DOGE,huobi,17697091050.28079,159715936.37838304,101853719.23605,261569655.61443302,13,19,7,July,2024
13:29:29,2024-07-19,Huobi Global,SOL,huobi,12986028.126979401,117198.67611257084,74739.69925785187,191938.37537042273,13,19,7,July,2024
13:29:39,2024-07-19,Huobi Global,USDT,huobi,2205077779.508882,19900788.29005283,12691089.875145705,32591878.16519854,13,19,7,July,2024
13:29:49,2024-07-19,Huobi Global,TONCOIN,huobi,302981197.42742443,2734399.993460905,1743775.9532850166,4478175.946745921,13,19,7,July,2024
15:20:05,2024-07-20,Huobi Global,BTC,huobi,30754.629900975127,280.55687225290785,251.84336771326346,532.4002399661713,15,20,7,July,2024
15:20:09,2024-07-20,Huobi Global,ETH,huobi,587893.7728347826,5363.018142457259,4814.141743376125,10177.159885833384,15,20,7,July,2024
15:20:14,2024-07-20,Huobi Global,BNB,huobi,3473030.6693743384,31682.469435510677,28439.93710094851,60122.40653645918,15,20,7,July,2024
15:20:18,2024-07-20,Huobi Global,ADA,huobi,4742969473.386076,43275783.89895313,38847291.75241985,82123075.65137297,15,20,7,July,2024
15:20:22,2024-07-20,Huobi Global,DOGE,huobi,15415702012.06418,140655889.2415715,126262308.24199025,266918197.4835617,15,20,7,July,2024
15:20:27,2024-07-20,Huobi Global,SOL,huobi,11932191.743109684,108871.65819075785,97730.61717799204,206602.27536874986,15,20,7,July,2024
15:20:31,2024-07-20,Huobi Global,USDT,huobi,2072780348.5618167,18915151.622130167,16978730.695175707,35893882.31730587,15,20,7,July,2024
15:20:35,2024-07-20,Huobi Global,TONCOIN,huobi,283655915.25272655,2588501.308998885,2323505.9124867013,4912007.221485587,15,20,7,July,2024
15:20:40,2024-07-20,Huobi Global,USDC,huobi,2074316054.1374583,18929165.69932381,16991310.094345517,35920475.79366933,15,20,7,July,2024
15:20:44,2024-07-20,Huobi Global,XRP,huobi,3499737068.432553,31936841.418301802,28667337.197628736,60604178.61593054,15,20,7,July,2024
15:20:58,2024-07-20,Huobi Global,BTC,huobi,30735.6586790791,280.54421763988955,251.85803075323395,532.4022483931235,15,20,7,July,2024
15:21:03,2024-07-20,Huobi Global,ETH,huobi,587518.6070777527,5362.661971636792,4814.319450723394,10176.981422360186,15,20,7,July,2024
15:21:07,2024-07-20,Huobi Global,BNB,huobi,3470350.4040863905,31676.130621315893,28437.185222642373,60113.31584395827,15,20,7,July,2024
15:21:12,2024-07-20,Huobi Global,ADA,huobi,4741389433.046714,43277725.16310311,38852494.36525552,82130219.52835864,15,20,7,July,2024
15:21:16,2024-07-20,Huobi Global,DOGE,huobi,15412396938.170689,140678906.0914987,126294216.84322095,266973122.93471965,15,20,7,July,2024
15:21:20,2024-07-20,Huobi Global,SOL,huobi,11925326.671285389,108850.16247831745,97720.0236012299,206570.18607954733,15,20,7,July,2024
15:21:24,2024-07-20,Huobi Global,USDT,huobi,2071809331.98014,18910742.5420175,16977082.67445939,35887825.216476895,15,20,7,July,2024
15:21:28,2024-07-20,Huobi Global,TONCOIN,huobi,283527491.0095102,2587938.6212342954,2323316.9100314863,4911255.531265781,15,20,7,July,2024
15:21:34,2024-07-20,Huobi Global,USDC,huobi,2073355465.016893,18924855.097329624,16989752.19379473,35914607.29112436,15,20,7,July,2024
15:21:38,2024-07-20,Huobi Global,XRP,huobi,3497644539.5464516,31925261.832680237,28660842.287547316,60586104.12022755,15,20,7,July,2024
17:24:12,2024-07-20,Huobi Global,BTC,huobi,29887.896135262803,257.2630674678413,257.61403411844526,514.8771015862866,17,20,7,July,2024
17:24:17,2024-07-20,Huobi Global,ETH,huobi,570621.5814748975,4911.682567057075,4918.383244291305,9830.06581134838,17,20,7,July,2024
17:24:27,2024-07-20,Huobi Global,BNB,huobi,3366000.621145382,28973.18837617494,29012.7145428408,57985.90291901574,17,20,7,July,2024
17:24:36,2024-07-20,Huobi Global,SOL,huobi,11541252.284512397,99342.48806595642,99478.01432179387,198820.5023877503,17,20,7,July,2024
17:24:45,2024-07-20,Huobi Global,USDT,huobi,2004045474.751168,17250022.679624062,17273555.722055297,34523578.40167936,17,20,7,July,2024
17:25:03,2024-07-20,Huobi Global,BTC,huobi,29876.537917330563,257.07474683694056,257.52469241022237,514.5994392471629,17,20,7,July,2024
17:25:08,2024-07-20,Huobi Global,ETH,huobi,570454.3105164507,4908.513759654552,4917.104895364005,9825.618655018556,17,20,7,July,2024
17:25:17,2024-07-20,Huobi Global,BNB,huobi,3365093.225696804,28955.17852411206,29005.857381373644,57961.0359054857,17,20,7,July,2024
17:25:26,2024-07-20,Huobi Global,SOL,huobi,11537647.65410816,99276.49107071267,99450.24994138288,198726.74101209556,17,20,7,July,2024
17:27:59,2024-07-20,Huobi Global,BTC,huobi,29863.426399647735,286.6093662313697,311.0926410178177,597.7020072491874,17,20,7,July,2024
17:28:03,2024-07-20,Huobi Global,ETH,huobi,569947.4686616324,5469.977911851763,5937.244470696724,11407.222382548489,17,20,7,July,2024
17:28:07,2024-07-20,Huobi Global,BNB,huobi,3368689.218045399,32330.445572241137,35092.23662366995,67422.6821959111,17,20,7,July,2024
17:28:11,2024-07-20,Huobi Global,SOL,huobi,11529566.762420269,110653.13733518928,120105.55406176968,230758.69139695898,17,20,7,July,2024
17:28:16,2024-07-20,Huobi Global,USDT,huobi,2002121056.6124365,19215030.43471728,20856452.26383981,40071482.698557094,17,20,7,July,2024
17:28:28,2024-07-20,Huobi Global,BTC,huobi,29856.558400346843,286.5837836199081,311.07929581880836,597.6630794387164,17,20,7,July,2024
17:28:32,2024-07-20,Huobi Global,ETH,huobi,569802.9962565071,5469.3610829322215,5936.8502040363155,11406.211286968537,17,20,7,July,2024
17:28:36,2024-07-20,Huobi Global,BNB,huobi,3369579.4402665743,32343.541149345223,35108.07861469671,67451.61976404193,17,20,7,July,2024
17:28:40,2024-07-20,Huobi Global,SOL,huobi,11526077.686487224,110635.22156164296,120091.67574463882,230726.89730628178,17,20,7,July,2024
17:28:44,2024-07-20,Huobi Global,USDT,huobi,2001533606.6604538,19211570.873171225,20831584.09882756,40043154.97199879,17,20,7,July,2024
17:28:57,2024-07-20,Huobi Global,BTC,huobi,29848.439816793656,286.9553500301058,309.4315762217955,596.3869262519013,17,20,7,July,2024
17:29:02,2024-07-20,Huobi Global,ETH,huobi,569692.859719849,5476.883045611797,5905.868468416028,11382.751514027825,17,20,7,July,2024
17:29:05,2024-07-20,Huobi Global,BNB,huobi,3369135.787813583,32390.01921792429,34927.01808628086,67317.03730420515,17,20,7,July,2024
17:29:10,2024-07-20,Huobi Global,SOL,huobi,11522441.28413453,110773.83582474111,119450.3696125125,230224.2054372536,17,20,7,July,2024
17:29:14,2024-07-20,Huobi Global,USDT,huobi,2001281031.1316695,19239809.59547147,20746797.746441614,39986607.34191309,17,20,7,July,2024
17:29:27,2024-07-20,Huobi Global,BTC,huobi,29850.31872967213,287.1523058221013,309.4781287275236,596.6304345496249,17,20,7,July,2024
17:29:31,2024-07-20,Huobi Global,ETH,huobi,569803.2511548486,5481.359141113661,5907.52968191836,11388.88882303202,17,20,7,July,2024
17:29:36,2024-07-20,Huobi Global,BNB,huobi,3367921.3846870544,32398.528142988256,34917.483370061425,67316.01151304967,17,20,7,July,2024
17:29:40,2024-07-20,Huobi Global,SOL,huobi,11523748.851625612,110855.46805802674,119474.37690110772,230329.84495913444,17,20,7,July,2024
17:29:44,2024-07-20,Huobi Global,USDT,huobi,2001624714.5124671,19255109.37983453,20752176.10478379,40007285.48461831,17,20,7,July,2024
17:29:57,2024-07-20,Huobi Global,BTC,huobi,29841.97573548478,286.7805615092201,309.4134951163935,596.1940566256136,17,20,7,July,2024
17:30:03,2024-07-20,Huobi Global,ETH,huobi,569653.7998959293,5474.357262671424,5906.397578848874,11380.754841520298,17,20,7,July,2024
17:30:07,2024-07-20,Huobi Global,BNB,huobi,3367037.0902032163,32357.13331817582,34910.78216471798,67267.9154828938,17,20,7,July,2024
17:30:12,2024-07-20,Huobi Global,SOL,huobi,11520373.592684083,110716.63846666066,119464.90252206457,230181.5409887252,17,20,7,July,2024
17:30:16,2024-07-20,Huobi Global,USDT,huobi,2000887550.4353275,19229545.096929163,20748965.66914867,39978510.76607783,17,20,7,July,2024
17:30:29,2024-07-20,Huobi Global,BTC,huobi,29843.368909009798,286.64815109171303,309.1021332312884,595.7502843230014,17,20,7,July,2024
17:30:34,2024-07-20,Huobi Global,ETH,huobi,569649.2940323055,5471.530958951574,5900.131869023811,11371.662827975386,17,20,7,July,2024
17:30:38,2024-07-20,Huobi Global,BNB,huobi,3367536.7777390834,32345.483313743003,34879.19895731729,67224.68227106029,17,20,7,July,2024
17:30:42,2024-07-20,Huobi Global,SOL,huobi,11523378.656894669,110683.05312311214,119353.17811263236,230036.2312357445,17,20,7,July,2024
17:30:47,2024-07-20,Huobi Global,USDT,huobi,2001403661.0062718,19223656.04113925,20729500.846909426,39953156.88804868,17,20,7,July,2024
17:31:01,2024-07-20,Huobi Global,BTC,huobi,29840.54719075885,286.6470246914292,309.10041989982,595.7474445912492,17,20,7,July,2024
17:31:05,2024-07-20,Huobi Global,ETH,huobi,569583.9202908773,5471.398866104645,5899.9799100406035,11371.37877614525,17,20,7,July,2024
17:31:09,2024-07-20,Huobi Global,BNB,huobi,3367229.0378861735,32345.458647070805,34879.11608510337,67224.57473217418,17,20,7,July,2024
17:31:13,2024-07-20,Huobi Global,SOL,huobi,11522441.97403857,110684.08658607445,119354.09996602213,230038.1865520966,17,20,7,July,2024
17:31:17,2024-07-20,Huobi Global,USDT,huobi,2001226085.9717026,19223692.501735084,20729506.71896161,39953199.220696695,17,20,7,July,2024
17:31:30,2024-07-20,Huobi Global,BTC,huobi,29826.517487469628,286.57661500116166,308.926017378134,595.5026323792957,17,20,7,July,2024
17:31:34,2024-07-20,Huobi Global,ETH,huobi,569393.6057191038,5470.799338167388,5897.453466006399,11368.252804173786,17,20,7,July,2024
17:31:38,2024-07-20,Huobi Global,BNB,huobi,3366250.118726113,32343.318816119307,34865.69436454018,67209.01318065949,17,20,7,July,2024
17:31:42,2024-07-20,Huobi Global,SOL,huobi,11520007.701768992,110685.56070440343,119317.65419707548,230003.2149014789,17,20,7,July,2024
17:31:47,2024-07-20,Huobi Global,USDT,huobi,2000599450.6390786,19221989.921491485,20721065.43831193,39943055.359803416,17,20,7,July,2024
17:31:59,2024-07-20,Huobi Global,BTC,huobi,29832.58558509116,286.6227593662892,309.0546912539257,595.6774506202149,17,20,7,July,2024
17:32:03,2024-07-20,Huobi Global,ETH,huobi,569563.4480665067,5472.1990708235635,5900.469306947524,11372.668377771088,17,20,7,July,2024
17:32:08,2024-07-20,Huobi Global,BNB,huobi,3367091.697653085,32350.032506165062,34881.84026401916,67231.87277018423,17,20,7,July,2024
17:32:12,2024-07-20,Huobi Global,SOL,huobi,11524370.602827633,110722.78306956236,119388.27053370298,230111.05360326532,17,20,7,July,2024
17:32:16,2024-07-20,Huobi Global,USDT,huobi,2001041421.543005,19226656.693751063,20731373.193124615,39958029.886875674,17,20,7,July,2024
17:32:29,2024-07-20,Huobi Global,BTC,huobi,29829.142454401586,286.4020111135518,308.8349800631689,595.2369911767207,17,20,7,July,2024
17:32:33,2024-07-20,Huobi Global,ETH,huobi,569484.0731630478,5467.853596541013,5896.133375287487,11363.9869718285,17,20,7,July,2024
17:32:37,2024-07-20,Huobi Global,BNB,huobi,3366649.840737786,32324.606266384344,34856.491031658916,67181.09729804326,17,20,7,July,2024
17:32:44,2024-07-20,Huobi Global,SOL,huobi,11522990.690432478,110637.02930204812,119302.87991308558,229939.9092151337,17,20,7,July,2024
17:32:47,2024-07-20,Huobi Global,USDT,huobi,2000971227.6001172,19212157.528198138,20716985.41543789,39929142.94363602,17,20,7,July,2024
17:33:00,2024-07-20,Huobi Global,BTC,huobi,29830.161358237958,286.672480022733,308.06616505172127,594.7386450744543,17,20,7,July,2024
17:33:04,2024-07-20,Huobi Global,ETH,huobi,569457.9015776138,5472.5788088542495,5880.984343015251,11353.5631518695,17,20,7,July,2024
17:33:08,2024-07-20,Huobi Global,BNB,huobi,3367431.120444059,32361.535662187627,34776.60006235716,67138.13572454479,17,20,7,July,2024
17:33:13,2024-07-20,Huobi Global,SOL,huobi,11526213.955708982,110768.70487806536,119035.1097420494,229803.81462011475,17,20,7,July,2024
17:33:17,2024-07-20,Huobi Global,USDT,huobi,2001523903.675782,19234955.332652315,20670414.278348077,39905369.61100039,17,20,7,July,2024
17:33:30,2024-07-20,Huobi Global,BTC,huobi,29822.082280255403,287.0082849512055,307.4334138437946,594.4416987950001,17,20,7,July,2024
17:33:34,2024-07-20,Huobi Global,ETH,huobi,569304.6347753913,5478.998592591172,5868.91504561278,11347.91363820395,17,20,7,July,2024
17:33:39,2024-07-20,Huobi Global,BNB,huobi,3366202.9098095475,32396.400588762695,34701.91123906996,67098.31182783264,17,20,7,July,2024
17:33:44,2024-07-20,Huobi Global,SOL,huobi,11523701.27571933,110904.31943526574,118796.89654186492,229701.21597713066,17,20,7,July,2024
17:33:48,2024-07-20,Huobi Global,USDT,huobi,2000999515.6354566,19257657.254569374,20628140.798836242,39885798.05340561,17,20,7,July,2024
17:34:01,2024-07-20,Huobi Global,BTC,huobi,29818.13414807986,286.99901748349953,307.3945124561655,594.393529939665,17,20,7,July,2024
17:34:05,2024-07-20,Huobi Global,ETH,huobi,569122.4057261185,5477.793159695733,5867.070808899886,11344.863968595619,17,20,7,July,2024
17:34:09,2024-07-20,Huobi Global,BNB,huobi,3364984.1942116283,32387.91377053457,34689.55068300259,67077.46445353715,17,20,7,July,2024
17:34:14,2024-07-20,Huobi Global,SOL,huobi,11524592.606042394,110924.00142833084,118806.78072603204,229730.78215436285,17,20,7,July,2024
17:34:18,2024-07-20,Huobi Global,USDT,huobi,2000294930.2457101,19252803.572711546,20620998.007382527,39873801.58009407,17,20,7,July,2024
17:34:32,2024-07-20,Huobi Global,BTC,huobi,29817.819736043377,286.7137393328267,307.1225580438094,593.8362973766363,17,20,7,July,2024
17:34:36,2024-07-20,Huobi Global,ETH,huobi,569146.6180878059,5472.638728958936,5862.191360618391,11334.830089577326,17,20,7,July,2024
17:34:40,2024-07-20,Huobi Global,BNB,huobi,3364876.2151520266,32355.022955355198,34658.11383416027,67013.13678951547,17,20,7,July,2024
17:34:44,2024-07-20,Huobi Global,SOL,huobi,11529164.79002843,110858.87491424086,118750.01639177525,229608.89130601613,17,20,7,July,2024
17:34:49,2024-07-20,Huobi Global,USDT,huobi,2000050722.3626835,19231520.833522152,20600456.354858376,39831977.18838053,17,20,7,July,2024
17:35:02,2024-07-20,Huobi Global,BTC,huobi,29808.278333355745,286.67263818295004,307.42847848823027,594.1011166711803,17,20,7,July,2024
17:35:06,2024-07-20,Huobi Global,ETH,huobi,569024.2410433656,5472.428784570746,5868.646779613861,11341.075564184606,17,20,7,July,2024
17:35:10,2024-07-20,Huobi Global,BNB,huobi,3363666.959933411,32349.11022331355,34691.26945437524,67040.37967768879,17,20,7,July,2024
17:35:15,2024-07-20,Huobi Global,SOL,huobi,11527691.534536999,110864.29438854975,118891.1559839623,229755.45037251204,17,20,7,July,2024
17:35:19,2024-07-20,Huobi Global,USDT,huobi,1999282634.439935,19227532.059337556,20619655.100510314,39847187.15984787,17,20,7,July,2024
17:39:52,2024-07-20,Huobi Global,BTC,huobi,29785.627158317093,287.2429419892632,306.1805707420638,593.423512731327,17,20,7,July,2024
17:39:57,2024-07-20,Huobi Global,ETH,huobi,568641.5825250803,5483.795262518931,5845.33618714096,11329.131449659892,17,20,7,July,2024
17:40:01,2024-07-20,Huobi Global,BNB,huobi,3360188.4381421637,32404.569072192622,34540.968646482615,66945.53771867523,17,20,7,July,2024
17:40:05,2024-07-20,Huobi Global,SOL,huobi,11509163.351969544,110990.64402716875,118308.14188129993,229298.78590846868,17,20,7,July,2024
17:40:10,2024-07-20,Huobi Global,USDT,huobi,1997379512.1634133,19262081.14717147,20532010.146106064,39794091.29327754,17,20,7,July,2024
17:42:59,2024-07-20,Huobi Global,BTC,huobi,29785.17221805807,287.7381728805286,305.68567790805514,593.4238507885838,17,20,7,July,2024
17:43:03,2024-07-20,Huobi Global,ETH,huobi,568339.2637687286,5490.41315376154,5832.8745543253335,11323.287708086873,17,20,7,July,2024
17:43:07,2024-07-20,Huobi Global,BNB,huobi,3360132.1570236688,32460.389364911174,34485.087706080194,66945.47707099136,17,20,7,July,2024
17:43:13,2024-07-20,Huobi Global,SOL,huobi,11511744.673805071,111208.6361246424,118145.21160911978,229353.84773376217,17,20,7,July,2024
17:43:17,2024-07-20,Huobi Global,USDT,huobi,1997277112.2340937,19294596.07629576,20498085.54248902,39792681.61878477,17,20,7,July,2024
17:43:32,2024-07-20,Huobi Global,BTC,huobi,29777.91279023765,287.6916034125327,305.92874925261714,593.6203526651499,17,20,7,July,2024
17:43:36,2024-07-20,Huobi Global,ETH,huobi,568186.7501451431,5489.389344998071,5837.368892785507,11326.758237783579,17,20,7,July,2024
17:43:41,2024-07-20,Huobi Global,BNB,huobi,3359469.9142602053,32456.649767828436,34514.119114431705,66970.76888226013,17,20,7,July,2024
17:43:45,2024-07-20,Huobi Global,SOL,huobi,11505257.264901824,111155.0676345063,118201.33229871384,229356.39993322015,17,20,7,July,2024
17:43:49,2024-07-20,Huobi Global,USDT,huobi,1996822072.2345273,19291780.043059982,20514711.13311205,39806491.17617203,17,20,7,July,2024
17:44:02,2024-07-20,Huobi Global,BTC,huobi,29772.591370173734,287.65856461731175,305.977631462782,593.6361960800937,17,20,7,July,2024
17:44:06,2024-07-20,Huobi Global,ETH,huobi,568076.5533148751,5488.67526805253,5838.212606745356,11326.887874797885,17,20,7,July,2024
17:44:11,2024-07-20,Huobi Global,BNB,huobi,3358857.820296117,32452.808938490976,34519.51318231697,66972.32212080795,17,20,7,July,2024
17:44:15,2024-07-20,Huobi Global,SOL,huobi,11502847.143663289,111138.88130253197,118216.5798178549,229355.46112038684,17,20,7,July,2024
17:44:20,2024-07-20,Huobi Global,USDT,huobi,1996470244.049367,19289612.972008612,20518040.534829773,39807653.50683838,17,20,7,July,2024
17:44:33,2024-07-20,Huobi Global,BTC,huobi,29779.679660052458,286.6384519562938,305.8792464461049,592.5176984023988,17,20,7,July,2024
17:44:37,2024-07-20,Huobi Global,ETH,huobi,568313.0385549826,5470.185423669893,5837.375215687194,11307.560639357087,17,20,7,July,2024
17:44:41,2024-07-20,Huobi Global,BNB,huobi,3360270.9633317846,32343.627536570028,34514.71479384083,66858.34233041086,17,20,7,July,2024
17:44:46,2024-07-20,Huobi Global,SOL,huobi,11502694.08689971,110716.92053217808,118148.86659512014,228865.78712729822,17,20,7,July,2024
17:44:50,2024-07-20,Huobi Global,USDT,huobi,1997308601.279884,19224701.275676787,20515171.984853335,39739873.26053012,17,20,7,July,2024
17:45:03,2024-07-20,Huobi Global,BTC,huobi,29759.864400958086,286.3508096794305,305.5891624226967,591.9399721021272,17,20,7,July,2024
17:45:07,2024-07-20,Huobi Global,ETH,huobi,568000.1033192924,5465.323608068701,5832.5089620959325,11297.832570164634,17,20,7,July,2024
17:45:12,2024-07-20,Huobi Global,BNB,huobi,3359492.232161202,32325.19166855301,34496.945401358964,66822.13706991197,17,20,7,July,2024
17:45:16,2024-07-20,Huobi Global,SOL,huobi,11495255.506452577,110607.88709906404,118039.02916770829,228646.9162667723,17,20,7,July,2024
17:45:21,2024-07-20,Huobi Global,USDT,huobi,1996853094.8489087,19213814.042192113,20504685.65698177,39718499.69917388,17,20,7,July,2024
17:45:34,2024-07-20,Huobi Global,BTC,huobi,29754.233993871145,286.2760315909575,305.5863935614055,591.862425152363,17,20,7,July,2024
17:45:37,2024-07-20,Huobi Global,ETH,huobi,567910.8076480533,5464.071175369151,5832.642695807966,11296.713871177119,17,20,7,July,2024
17:45:42,2024-07-20,Huobi Global,BNB,huobi,3359042.258198254,32318.53617274772,34498.539257122204,66817.07542986993,17,20,7,July,2024
17:45:46,2024-07-20,Huobi Global,SOL,huobi,11493031.026917031,110578.52519460842,118037.44984086454,228615.97503547298,17,20,7,July,2024
17:45:50,2024-07-20,Huobi Global,USDT,huobi,1996581866.1389499,19209821.819054764,20505594.331521973,39715416.15057674,17,20,7,July,2024
17:46:03,2024-07-20,Huobi Global,BTC,huobi,29747.1981811154,286.24352925105205,305.5224628742831,591.7659921253353,17,20,7,July,2024
17:46:07,2024-07-20,Huobi Global,ETH,huobi,567812.7177052029,5463.799154461218,5831.794272132989,11295.593426594209,17,20,7,July,2024
17:46:11,2024-07-20,Huobi Global,BNB,huobi,3358586.723486838,32318.12660719471,34494.80120073924,66812.92780793396,17,20,7,July,2024
17:46:15,2024-07-20,Huobi Global,SOL,huobi,11488798.792404748,110551.39691377319,117997.20031283211,228548.5972266053,17,20,7,July,2024
17:46:19,2024-07-20,Huobi Global,USDT,huobi,1996309711.137135,19209565.005581155,20503358.195047222,39712923.20062838,17,20,7,July,2024
17:46:32,2024-07-20,Huobi Global,BTC,huobi,29753.961448189897,286.29505852509044,305.53087034694244,591.8259288720329,17,20,7,July,2024
17:46:37,2024-07-20,Huobi Global,ETH,huobi,567900.1190393334,5464.381544618251,5831.526599990786,11295.908144609037,17,20,7,July,2024
17:46:41,2024-07-20,Huobi Global,BNB,huobi,3359474.778023526,32325.1419768954,34497.028391510954,66822.17036840635,17,20,7,July,2024
17:46:45,2024-07-20,Huobi Global,SOL,huobi,11489800.108671023,110555.79944477204,117983.90723290444,228539.70667767647,17,20,7,July,2024
17:46:49,2024-07-20,Huobi Global,USDT,huobi,1996767781.167735,19213063.43580039,20503965.46769827,39717028.90349866,17,20,7,July,2024
17:47:02,2024-07-20,Huobi Global,BTC,huobi,29747.285496596356,286.29194264829687,305.52009404158406,591.8120366898809,17,20,7,July,2024
17:47:06,2024-07-20,Huobi Global,ETH,huobi,567752.3576324292,5464.126312578561,5831.112009061731,11295.238321640292,17,20,7,July,2024
17:47:10,2024-07-20,Huobi Global,BNB,huobi,3358611.613697468,32323.73735736653,34494.68813493636,66818.4254923029,17,20,7,July,2024
17:47:14,2024-07-20,Huobi Global,SOL,huobi,11486984.806525318,110552.31227090902,117977.3085092223,228529.62078013134,17,20,7,July,2024
17:47:18,2024-07-20,Huobi Global,USDT,huobi,1996241158.6873772,19212097.83596851,20502434.973491322,39714532.80945983,17,20,7,July,2024
17:48:41,2024-07-20,Huobi Global,BTC,huobi,29734.022063483324,286.2848828205502,305.34923560379247,591.6341184243427,17,20,7,July,2024
17:48:45,2024-07-20,Huobi Global,ETH,huobi,567422.3396110336,5463.251411412887,5827.061582682067,11290.312994094955,17,20,7,July,2024
17:48:49,2024-07-20,Huobi Global,BNB,huobi,3357072.3156987205,32322.537881621913,34474.96821239563,66797.50609401755,17,20,7,July,2024
17:48:53,2024-07-20,Huobi Global,SOL,huobi,11475397.792116962,110487.33687024588,117844.9365710153,228332.2734412612,17,20,7,July,2024
17:48:57,2024-07-20,Huobi Global,USDT,huobi,1995518345.3870652,19213234.40386485,20492686.79818496,39705921.202049814,17,20,7,July,2024
17:50:56,2024-07-20,Huobi Global,BTC,huobi,29726.610755552312,338.23977241838134,345.5317286867993,683.7715011051806,17,20,7,July,2024
17:51:01,2024-07-20,Huobi Global,ETH,huobi,567807.6676277776,6452.395166549755,6594.875094649481,13047.270261199237,17,20,7,July,2024
17:51:05,2024-07-20,Huobi Global,BNB,huobi,3359179.809671951,38172.70671608394,39015.62541028845,77188.33212637239,17,20,7,July,2024
17:51:08,2024-07-20,Huobi Global,SOL,huobi,11463942.52399429,130272.78698165697,133149.4330709607,263422.22005261766,17,20,7,July,2024
17:51:12,2024-07-20,Huobi Global,USDT,huobi,1996959069.9294093,22681819.519192673,23188622.134568974,45870441.65376164,17,20,7,July,2024
17:51:26,2024-07-20,Huobi Global,BTC,huobi,29741.31362486329,337.8515308850712,345.3940365564632,683.2455674415345,17,20,7,July,2024
17:51:31,2024-07-20,Huobi Global,ETH,huobi,567593.8986240432,6447.679816363201,6591.623700396637,13039.30351675984,17,20,7,July,2024
17:51:35,2024-07-20,Huobi Global,BNB,huobi,3359774.281906623,38137.500421741635,39013.87876677344,77151.37918851507,17,20,7,July,2024
17:52:16,2024-07-20,Huobi Global,BTC,huobi,29753.409977151056,337.5720742869693,345.49823222279724,683.0703065097665,17,20,7,July,2024
17:52:21,2024-07-20,Huobi Global,ETH,huobi,567710.6532573549,6441.717875742219,6592.925109298449,13034.642985040668,17,20,7,July,2024
17:52:25,2024-07-20,Huobi Global,BNB,huobi,3357512.1826300197,38097.12944573825,38991.388036543096,77088.51748228134,17,20,7,July,2024
17:52:29,2024-07-20,Huobi Global,SOL,huobi,11459320.367001517,130026.23157959673,133072.64714249497,263098.8787220917,17,20,7,July,2024
17:52:34,2024-07-20,Huobi Global,USDT,huobi,1995922386.8250358,22647265.123291165,23177873.294354264,45825138.41764543,17,20,7,July,2024
17:52:47,2024-07-20,Huobi Global,BTC,huobi,29744.65092611842,337.5379129653316,345.4433002125988,682.9812131779304,17,20,7,July,2024
17:52:52,2024-07-20,Huobi Global,ETH,huobi,567606.8956964056,6441.119360720537,6591.97513394325,13033.094494663785,17,20,7,July,2024
17:52:56,2024-07-20,Huobi Global,BNB,huobi,3356896.286752042,38093.56409950039,38985.74350888743,77079.30760838781,17,20,7,July,2024
17:53:00,2024-07-20,Huobi Global,SOL,huobi,11457982.147593541,130023.4919716857,133068.7381967629,263092.2301684486,17,20,7,July,2024
17:53:04,2024-07-20,Huobi Global,USDT,huobi,1995742065.73568,22647386.696813684,23177805.221962616,45825191.918776296,17,20,7,July,2024
17:53:17,2024-07-20,Huobi Global,BTC,huobi,29744.65092611842,337.5379129653316,345.4433002125988,682.9812131779304,17,20,7,July,2024
17:53:21,2024-07-20,Huobi Global,ETH,huobi,567566.7449775923,6440.080570690844,6610.546346585366,13050.62691727621,17,20,7,July,2024
17:53:25,2024-07-20,Huobi Global,BNB,huobi,3357264.3592033153,38082.764803577746,39091.5376965298,77174.30250010754,17,20,7,July,2024
17:53:29,2024-07-20,Huobi Global,SOL,huobi,11461730.623009201,130014.90048332236,133458.86018435523,263473.76066767756,17,20,7,July,2024
17:53:36,2024-07-20,Huobi Global,USDT,huobi,1995769758.1962128,22642404.44736285,23240156.010945152,45882560.458308,17,20,7,July,2024
17:53:48,2024-07-20,Huobi Global,BTC,huobi,29731.717838547018,337.34480699828964,346.2687824719482,683.6135894702378,17,20,7,July,2024
17:53:52,2024-07-20,Huobi Global,ETH,huobi,567532.9951702642,6439.3961277492845,6609.741163205836,13049.13729095512,17,20,7,July,2024
17:53:56,2024-07-20,Huobi Global,BNB,huobi,3356350.61971873,38085.902666162816,39091.75856381427,77177.6612299771,17,20,7,July,2024
17:54:01,2024-07-20,Huobi Global,SOL,huobi,11459187.76497462,130032.1567377491,133466.33060742097,263498.4873451701,17,20,7,July,2024
17:54:08,2024-07-20,Huobi Global,USDT,huobi,1995202221.5731773,22632435.454107467,23248043.611851275,45880479.06595874,17,20,7,July,2024
17:54:21,2024-07-20,Huobi Global,BTC,huobi,29724.129455570783,337.2184245812815,346.46377855311323,683.6822031343947,17,20,7,July,2024
17:54:25,2024-07-20,Huobi Global,ETH,huobi,567389.761551274,6437.002025571869,6613.482187703298,13050.484213275167,17,20,7,July,2024
17:54:29,2024-07-20,Huobi Global,BNB,huobi,3355626.5134998267,38072.41177705952,39114.15449285624,77186.56626991575,17,20,7,July,2024
17:54:33,2024-07-20,Huobi Global,SOL,huobi,11455513.418385629,129972.45737205935,133528.78213326418,263501.23950532346,17,20,7,July,2024
17:54:37,2024-07-20,Huobi Global,USDT,huobi,1994950607.1789207,22634396.493724898,23253722.051870923,45888118.54559582,17,20,7,July,2024
17:54:50,2024-07-20,Huobi Global,BTC,huobi,29729.904074439117,337.2185226509784,346.4206033310176,683.639125981996,17,20,7,July,2024
17:54:55,2024-07-20,Huobi Global,ETH,huobi,567552.9249457049,6437.604319113262,6613.274842383901,13050.879161497161,17,20,7,July,2024
17:54:59,2024-07-20,Huobi Global,BNB,huobi,3356888.778852081,38055.93589567352,39145.5691741638,77201.50506983732,17,20,7,July,2024
17:55:02,2024-07-20,Huobi Global,SOL,huobi,11456944.978293609,129883.58935242891,133602.46994115363,263486.05929358257,17,20,7,July,2024
17:55:06,2024-07-20,Huobi Global,USDT,huobi,1995594344.104398,22625784.97945451,23274186.987560272,45899971.96701478,17,20,7,July,2024
17:55:20,2024-07-20,Huobi Global,BTC,huobi,29722.809909657964,337.0180416194047,346.676186201598,683.6942278210026,17,20,7,July,2024
17:55:24,2024-07-20,Huobi Global,ETH,huobi,567392.6571443005,6433.49544411237,6617.86429531556,13051.35973942793,17,20,7,July,2024
17:55:28,2024-07-20,Huobi Global,BNB,huobi,3354232.6181729822,38034.924527231524,39124.896466579165,77159.8209938107,17,20,7,July,2024
17:55:33,2024-07-20,Huobi Global,SOL,huobi,11451930.844949894,129857.8169620199,133579.16985946565,263436.98682148557,17,20,7,July,2024
17:55:37,2024-07-20,Huobi Global,USDT,huobi,1995329359.2191815,22625801.554040264,23274192.187272504,45899993.74131277,17,20,7,July,2024
17:55:49,2024-07-20,Huobi Global,BTC,huobi,29716.572817953678,337.0004333637726,346.8130919559459,683.8135253197185,17,20,7,July,2024
17:55:53,2024-07-20,Huobi Global,ETH,huobi,567273.2875385173,6433.155832178381,6620.4741724585965,13053.63000463698,17,20,7,July,2024
17:55:57,2024-07-20,Huobi Global,BNB,huobi,3353778.328463197,38033.48242820536,39140.927823495236,77174.4102517006,17,20,7,July,2024
17:56:02,2024-07-20,Huobi Global,SOL,huobi,11454618.394614056,129910.22059226596,133689.4009664459,263599.62155871186,17,20,7,July,2024
17:56:07,2024-07-20,Huobi Global,USDT,huobi,1996141852.216218,22638836.09398937,23297415.878325243,45936251.97231462,17,20,7,July,2024
17:56:20,2024-07-20,Huobi Global,BTC,huobi,29727.161472440996,337.161609630891,346.95912123640124,684.1207308672923,17,20,7,July,2024
17:56:25,2024-07-20,Huobi Global,ETH,huobi,567401.8816051948,6435.91625750046,6622.728687654208,13058.644945154669,17,20,7,July,2024
17:56:30,2024-07-20,Huobi Global,BNB,huobi,3357193.4687155015,38079.9160618833,39185.24456134609,77265.16062322939,17,20,7,July,2024
17:56:34,2024-07-20,Huobi Global,SOL,huobi,11452823.836132115,129906.89229426875,133677.640898235,263584.53319250373,17,20,7,July,2024
17:56:38,2024-07-20,Huobi Global,USDT,huobi,1995922414.5751972,22640592.470206246,23296358.45682969,45936950.927035935,17,20,7,July,2024
17:56:51,2024-07-20,Huobi Global,BTC,huobi,29721.705761546207,337.1919966904878,346.90272870551587,684.0947253960037,17,20,7,July,2024
17:56:55,2024-07-20,Huobi Global,ETH,huobi,567334.6708487329,6436.39742584118,6621.758084332525,13058.155510173705,17,20,7,July,2024
17:56:59,2024-07-20,Huobi Global,BNB,huobi,3356489.6823265795,38086.94783500737,39181.83500616805,77268.78284117542,17,20,7,July,2024
17:57:03,2024-07-20,Huobi Global,SOL,huobi,11450384.73452696,129930.447387045,133665.56369522252,263596.01108226756,17,20,7,July,2024
17:57:08,2024-07-20,Huobi Global,USDT,huobi,1995582694.9417565,22644387.796838433,23295347.012708113,45939734.80954655,17,20,7,July,2024
17:57:21,2024-07-20,Huobi Global,BTC,huobi,29718.418205783433,337.19074611047057,346.94930790320524,684.1400540136759,17,20,7,July,2024
17:57:25,2024-07-20,Huobi Global,ETH,huobi,567197.1475902698,6435.885006222073,6622.088664695345,13057.973670917418,17,20,7,July,2024
17:57:29,2024-07-20,Huobi Global,BNB,huobi,3356031.984792475,38080.29716491141,39182.04007066575,77262.33723557717,17,20,7,July,2024
17:57:35,2024-07-20,Huobi Global,SOL,huobi,11448904.707590513,129908.68247185647,133667.2132598237,263575.8957316802,17,20,7,July,2024
17:57:40,2024-07-20,Huobi Global,USDT,huobi,1995758263.0596976,22622833.575508125,23334695.36725331,45957528.94276144,17,20,7,July,2024
17:57:53,2024-07-20,Huobi Global,BTC,huobi,29726.295363394558,336.9755546031697,347.3888634121603,684.36441801533,17,20,7,July,2024
17:57:58,2024-07-20,Huobi Global,ETH,huobi,567435.8466787462,6432.419741470752,6631.196098514998,13063.61583998575,17,20,7,July,2024
17:58:02,2024-07-20,Huobi Global,BNB,huobi,3356759.945043842,38055.751141006775,39231.470196811526,77287.2213378183,17,20,7,July,2024
17:58:06,2024-07-20,Huobi Global,SOL,huobi,11451848.48662683,129830.16457731643,133841.22187969976,263671.38645701617,17,20,7,July,2024
17:58:11,2024-07-20,Huobi Global,USDT,huobi,1995774541.5008564,22628404.96412842,23327693.625824533,45956098.58995295,17,20,7,July,2024
17:58:23,2024-07-20,Huobi Global,BTC,huobi,29717.837108670752,336.93866769998635,347.3985872516876,684.3372549516739,17,20,7,July,2024
17:58:27,2024-07-20,Huobi Global,ETH,huobi,567275.3528650698,6431.726538995947,6631.392972758728,13063.119511754676,17,20,7,July,2024
17:58:32,2024-07-20,Huobi Global,BNB,huobi,3356169.705986153,38052.007122015275,39233.29312873578,77285.30025075105,17,20,7,July,2024
17:58:36,2024-07-20,Huobi Global,SOL,huobi,11448366.22991686,129816.78619210483,133841.34990677208,263658.13609887694,17,20,7,July,2024
17:58:40,2024-07-20,Huobi Global,USDT,huobi,1995436347.7254283,22626908.373676974,23328384.947600506,45955293.32127748,17,20,7,July,2024
17:58:52,2024-07-20,Huobi Global,BTC,huobi,29711.063019295456,337.0658877110422,347.2843689899462,684.3502567009883,17,20,7,July,2024
17:58:57,2024-07-20,Huobi Global,ETH,huobi,567109.2588941149,6435.279249433472,6628.840171108826,13064.119420542298,17,20,7,July,2024
17:59:01,2024-07-20,Huobi Global,BNB,huobi,3355189.0960730417,38073.04929210416,39218.213973593265,77291.26326569742,17,20,7,July,2024
17:59:05,2024-07-20,Huobi Global,SOL,huobi,11453084.193447826,129906.22054169151,133760.00891404238,263666.2294557339,17,20,7,July,2024
17:59:09,2024-07-20,Huobi Global,USDT,huobi,1996148376.140212,22641245.519976106,23312919.042280007,45954164.56225611,17,20,7,July,2024
17:59:21,2024-07-20,Huobi Global,BTC,huobi,29723.982553174123,337.18290044728946,347.16777843620906,684.3506788834986,17,20,7,July,2024
17:59:25,2024-07-20,Huobi Global,ETH,huobi,567526.7504593004,6437.909706714495,6628.553250144344,13066.462956858839,17,20,7,July,2024
17:59:29,2024-07-20,Huobi Global,BNB,huobi,3356431.675869301,38077.67705224377,39205.277297091416,77282.95434933518,17,20,7,July,2024
17:59:34,2024-07-20,Huobi Global,SOL,huobi,11451701.313239874,129916.00199678358,133763.22501567224,263679.2270124558,17,20,7,July,2024
17:59:38,2024-07-20,Huobi Global,USDT,huobi,1995808730.5036354,22641831.455867037,23312327.57511311,45954159.03098014,17,20,7,July,2024
17:59:50,2024-07-20,Huobi Global,BTC,huobi,29717.34744027984,337.1933210259214,347.1085212548475,684.3018422807689,17,20,7,July,2024
17:59:55,2024-07-20,Huobi Global,ETH,huobi,567420.2877346007,6438.338133079088,6627.658050617141,13065.996183696228,17,20,7,July,2024
17:59:58,2024-07-20,Huobi Global,BNB,huobi,3356177.9437084626,38081.48722113361,39201.27681146125,77282.76403259486,17,20,7,July,2024
18:00:03,2024-07-20,Huobi Global,SOL,huobi,11449688.703620749,129930.05838190322,133747.1923947609,263677.2507766642,18,20,7,July,2024
18:00:07,2024-07-20,Huobi Global,USDT,huobi,1995350141.636172,22643057.56305339,23308273.80520251,45951331.3682559,18,20,7,July,2024
18:00:21,2024-07-20,Huobi Global,BTC,huobi,29713.805643587002,337.203990320383,346.96882440413475,684.1728147245178,18,20,7,July,2024
18:00:25,2024-07-20,Huobi Global,ETH,huobi,567315.0500366377,6438.560181864264,6624.941632532132,13063.501814396395,18,20,7,July,2024
18:00:29,2024-07-20,Huobi Global,BNB,huobi,3355491.9663711493,38082.079725978474,39184.468002750335,77266.54772872881,18,20,7,July,2024
18:00:34,2024-07-20,Huobi Global,SOL,huobi,11447567.258128235,129920.49254226121,133681.39081571638,263601.88335797755,18,20,7,July,2024
18:00:39,2024-07-20,Huobi Global,USDT,huobi,1994944420.4556124,22643351.471564885,23296966.215558264,45940317.68712314,18,20,7,July,2024
18:00:51,2024-07-20,Huobi Global,BTC,huobi,29727.011683648463,337.2579862204361,346.9836672576625,684.2416534780986,18,20,7,July,2024
18:00:55,2024-07-20,Huobi Global,ETH,huobi,567594.7459187069,6439.4585986299535,6625.156559661379,13064.615158291332,18,20,7,July,2024
18:00:59,2024-07-20,Huobi Global,BNB,huobi,3357014.69456435,38085.900717156444,39184.20331494409,77270.10403210054,18,20,7,July,2024
18:01:03,2024-07-20,Huobi Global,SOL,huobi,11450995.224462412,129928.13312138134,133672.30982708445,263600.44294846576,18,20,7,July,2024
18:01:07,2024-07-20,Huobi Global,USDT,huobi,1995792276.9911397,22645155.251970973,23297727.260469317,45942882.51244029,18,20,7,July,2024
18:01:20,2024-07-20,Huobi Global,BTC,huobi,29724.296038744924,337.265208565547,346.98427792503287,684.2494864905798,18,20,7,July,2024
18:01:24,2024-07-20,Huobi Global,ETH,huobi,567539.9130692856,6439.562669577932,6625.133415213322,13064.696084791252,18,20,7,July,2024
18:01:29,2024-07-20,Huobi Global,BNB,huobi,3356693.417453061,38086.5506134189,39184.10179176241,77270.6524051813,18,20,7,July,2024
18:01:33,2024-07-20,Huobi Global,SOL,huobi,11450995.224462412,129928.13312138134,133672.30982708445,263600.44294846576,18,20,7,July,2024
18:01:37,2024-07-20,Huobi Global,USDT,huobi,1995792276.9911397,22645155.251970973,23297727.260469317,45942882.51244029,18,20,7,July,2024
18:01:50,2024-07-20,Huobi Global,BTC,huobi,29716.768898963346,337.1604566893827,346.98065639315837,684.1411130825411,18,20,7,July,2024
18:01:54,2024-07-20,Huobi Global,ETH,huobi,567324.0258063669,6438.085829954599,6624.413885725638,13062.499715680236,18,20,7,July,2024
18:01:58,2024-07-20,Huobi Global,BNB,huobi,3355450.731705008,38078.20368297606,39180.24516656289,77258.44884953895,18,20,7,July,2024
18:02:02,2024-07-20,Huobi Global,SOL,huobi,11442729.948506178,129864.34058345338,133622.95407839288,263487.29466184624,18,20,7,July,2024
18:02:07,2024-07-20,Huobi Global,USDT,huobi,1994877573.3783345,22640004.769606326,23295265.690889433,45935270.46049576,18,20,7,July,2024
18:02:19,2024-07-20,Huobi Global,BTC,huobi,29719.656277872185,337.2119439301666,346.9649732072103,684.1769171373768,18,20,7,July,2024
18:02:23,2024-07-20,Huobi Global,ETH,huobi,567423.257873658,6438.22721332172,6624.437161201827,13062.664374523545,18,20,7,July,2024
18:02:27,2024-07-20,Huobi Global,BNB,huobi,3356163.2762491144,38080.46539803484,39181.84955893335,77262.31495696817,18,20,7,July,2024
18:02:32,2024-07-20,Huobi Global,SOL,huobi,11444306.662448468,129863.52384106415,133610.3176759919,263473.84151705605,18,20,7,July,2024
18:02:36,2024-07-20,Huobi Global,USDT,huobi,1995335439.736022,22641938.834033396,23295199.07466874,45937137.908702135,18,20,7,July,2024
18:02:48,2024-07-20,Huobi Global,BTC,huobi,29714.537734688503,336.5550611207473,346.71433395798397,683.2693950787312,18,20,7,July,2024
18:02:53,2024-07-20,Huobi Global,ETH,huobi,567278.7490193871,6425.893837636882,6619.699216528268,13045.59305416515,18,20,7,July,2024
18:02:57,2024-07-20,Huobi Global,BNB,huobi,3355199.3784417994,38006.280064680206,39152.5519599682,77158.8320246484,18,20,7,July,2024
18:03:01,2024-07-20,Huobi Global,SOL,huobi,11441395.897140803,129603.29558703136,133512.13946797134,263115.4350550027,18,20,7,July,2024
18:03:06,2024-07-20,Huobi Global,USDT,huobi,1994771766.904892,22598277.617754526,23279649.985749383,45877927.603503905,18,20,7,July,2024
18:03:18,2024-07-20,Huobi Global,BTC,huobi,29707.252518342677,336.5869519535964,346.6815539937879,683.2685059473843,18,20,7,July,2024
18:03:22,2024-07-20,Huobi Global,ETH,huobi,567195.2282121223,6426.394124083521,6619.128544890753,13045.522668974274,18,20,7,July,2024
18:03:27,2024-07-20,Huobi Global,BNB,huobi,3354696.772678346,38009.14139559631,39149.076125837455,77158.21752143376,18,20,7,July,2024
18:03:31,2024-07-20,Huobi Global,SOL,huobi,11438759.659944296,129615.13895419208,133502.65055910245,263117.7895132945,18,20,7,July,2024
18:03:35,2024-07-20,Huobi Global,USDT,huobi,1994434947.415962,22599387.567312133,23277204.851162307,45876592.418474436,18,20,7,July,2024
18:03:48,2024-07-20,Huobi Global,BTC,huobi,29717.061465843875,336.522304804761,347.12074968049586,683.6430544852569,18,20,7,July,2024
18:03:52,2024-07-20,Huobi Global,ETH,huobi,567266.4874922631,6424.3736517493535,6626.317607913073,13050.691259662426,18,20,7,July,2024
18:03:56,2024-07-20,Huobi Global,BNB,huobi,3354342.1996791945,37998.479307912334,39174.354742673124,77172.83405058546,18,20,7,July,2024
18:04:01,2024-07-20,Huobi Global,SOL,huobi,11439542.411025139,129588.81047941295,133598.97882398887,263187.7893034018,18,20,7,July,2024
18:04:05,2024-07-20,Huobi Global,USDT,huobi,1994375093.322986,22595236.39075071,23296138.864186455,45891375.254937164,18,20,7,July,2024
18:04:17,2024-07-20,Huobi Global,BTC,huobi,29705.917729370263,336.58689982631057,347.0318555317506,683.6187553580611,18,20,7,July,2024
18:04:21,2024-07-20,Huobi Global,ETH,huobi,567088.1573836884,6425.468708319785,6624.863682038976,13050.33239035876,18,20,7,July,2024
18:04:26,2024-07-20,Huobi Global,BNB,huobi,3353451.8548295,38000.1331938968,39178.82513840509,77178.95833230189,18,20,7,July,2024
18:04:29,2024-07-20,Huobi Global,SOL,huobi,11436258.347215492,129591.64444485462,133611.331076039,263202.97552089364,18,20,7,July,2024
18:04:34,2024-07-20,Huobi Global,USDT,huobi,1993733210.8418415,22592999.684149712,23294491.70425475,45887491.388404466,18,20,7,July,2024
18:04:47,2024-07-20,Huobi Global,BTC,huobi,29694.006110372447,336.62636960339336,346.86924458787325,683.4956141912667,18,20,7,July,2024
18:04:51,2024-07-20,Huobi Global,ETH,huobi,566901.6799293957,6426.6860364805025,6622.237388306355,13048.923424786859,18,20,7,July,2024
18:04:55,2024-07-20,Huobi Global,BNB,huobi,3353811.393846977,38016.55762494934,39176.40069126782,77192.95831621716,18,20,7,July,2024
18:05:00,2024-07-20,Huobi Global,SOL,huobi,11432364.535746228,129589.6203227145,133543.25610638957,263132.8764291041,18,20,7,July,2024
18:05:04,2024-07-20,Huobi Global,USDT,huobi,1994290460.5661972,22605939.724009663,23295621.90684094,45901561.630850606,18,20,7,July,2024
18:05:17,2024-07-20,Huobi Global,BTC,huobi,29698.484017560957,336.4438695843627,347.0455655331911,683.4894351175539,18,20,7,July,2024
18:05:21,2024-07-20,Huobi Global,ETH,huobi,566989.0296824414,6422.9507554588,6625.313559476098,13048.264314934899,18,20,7,July,2024
18:05:25,2024-07-20,Huobi Global,BNB,huobi,3353711.298829917,37991.42733409646,39188.39303672358,77179.82037082005,18,20,7,July,2024
18:05:29,2024-07-20,Huobi Global,SOL,huobi,11426671.275144424,129443.32792501136,133521.5959668414,262964.9238918528,18,20,7,July,2024
18:05:33,2024-07-20,Huobi Global,USDT,huobi,1993849193.2104938,22628691.879112296,23353729.47078914,45982421.34990143,18,20,7,July,2024
18:05:46,2024-07-20,Huobi Global,BTC,huobi,29692.884567289006,336.8912085273787,347.77046284558037,684.6616713729591,18,20,7,July,2024
18:05:50,2024-07-20,Huobi Global,ETH,huobi,566928.2418119758,6432.286499464757,6640.004833763544,13072.2913332283,18,20,7,July,2024
18:05:54,2024-07-20,Huobi Global,BNB,huobi,3353352.080839164,38046.65163371328,39275.2951500832,77321.94678379648,18,20,7,July,2024
18:05:57,2024-07-20,Huobi Global,SOL,huobi,11419318.186453074,129566.10229348688,133752.18471501046,263318.2870084974,18,20,7,July,2024
18:06:01,2024-07-20,Huobi Global,USDT,huobi,1993739292.891509,22621405.66989157,23352268.657576326,45973674.327467896,18,20,7,July,2024
18:06:14,2024-07-20,Huobi Global,BTC,huobi,29696.72233323021,336.89410669314935,347.8153706688983,684.7094773620477,18,20,7,July,2024
18:06:19,2024-07-20,Huobi Global,ETH,huobi,567064.3489606,6433.054636027689,6641.598170790279,13074.65280681797,18,20,7,July,2024
18:06:23,2024-07-20,Huobi Global,BNB,huobi,3353875.189485696,38045.000267814525,39283.57137012898,77328.5716379435,18,20,7,July,2024
18:06:27,2024-07-20,Huobi Global,SOL,huobi,11419203.455989322,129534.81390819511,133751.87465523102,263286.68856342614,18,20,7,July,2024
18:06:31,2024-07-20,Huobi Global,USDT,huobi,1994098870.827003,22620249.05175307,23356660.843195718,45976909.89494879,18,20,7,July,2024
18:06:44,2024-07-20,Huobi Global,BTC,huobi,29691.84082607221,336.8697616816907,347.8098343266302,684.6795960083208,18,20,7,July,2024
18:06:48,2024-07-20,Huobi Global,ETH,huobi,566979.5133075016,6433.275768752576,6641.981735345272,13075.257504097848,18,20,7,July,2024
18:06:52,2024-07-20,Huobi Global,BNB,huobi,3353471.5427208156,38050.417538255184,39284.83519063526,77335.25272889044,18,20,7,July,2024
18:06:57,2024-07-20,Huobi Global,SOL,huobi,11412675.028613638,129183.68203310581,133396.5406466661,262580.22267977195,18,20,7,July,2024
18:07:01,2024-07-20,Huobi Global,USDT,huobi,1993722489.3650072,22567576.092602376,23303535.974164918,45871112.0667673,18,20,7,July,2024
18:07:14,2024-07-20,Huobi Global,BTC,huobi,29683.864187275653,336.0430421233896,347.00462175498114,683.0476638783708,18,20,7,July,2024
18:07:18,2024-07-20,Huobi Global,ETH,huobi,566865.6904948287,6417.334007036539,6626.664684726399,13043.99869176294,18,20,7,July,2024
18:07:24,2024-07-20,Huobi Global,BNB,huobi,3352563.594874016,37957.53446326609,39196.26299195117,77153.79745521727,18,20,7,July,2024
18:07:28,2024-07-20,Huobi Global,SOL,huobi,11410964.497785144,129194.29145088652,133410.49402638164,262604.78547726816,18,20,7,July,2024
18:07:32,2024-07-20,Huobi Global,USDT,huobi,1993215328.2732754,22503943.5436643,23297801.089178875,45801744.632843174,18,20,7,July,2024
18:07:46,2024-07-20,Huobi Global,BTC,huobi,29682.50272495832,335.0376792292237,346.8888981082294,681.9265773374531,18,20,7,July,2024
18:07:50,2024-07-20,Huobi Global,ETH,huobi,566876.101086035,6398.5458058655895,6624.88024988129,13023.426055746879,18,20,7,July,2024
18:07:54,2024-07-20,Huobi Global,BNB,huobi,3352918.9838621323,37845.66973364451,39184.37682076327,77030.04655440777,18,20,7,July,2024
18:07:58,2024-07-20,Huobi Global,SOL,huobi,11412706.992380343,128854.19263996225,133389.45923436526,262243.6518743275,18,20,7,July,2024
18:08:02,2024-07-20,Huobi Global,USDT,huobi,1993365740.0284529,22505925.477541357,23298064.017259788,45803989.49480114,18,20,7,July,2024
18:08:15,2024-07-20,Huobi Global,BTC,huobi,29674.408125231806,335.0824024756193,346.84473300981074,681.9271354854301,18,20,7,July,2024
18:08:19,2024-07-20,Huobi Global,ETH,huobi,566685.6859571991,6398.995400269648,6623.618055558801,13022.613455828448,18,20,7,July,2024
18:08:24,2024-07-20,Huobi Global,BNB,huobi,3351842.3117780886,37855.05030838041,39178.72081421087,77033.77112259128,18,20,7,July,2024
18:08:27,2024-07-20,Huobi Global,SOL,huobi,11418497.767568652,128958.27644354232,133467.53651902714,262425.8129625695,18,20,7,July,2024
18:08:32,2024-07-20,Huobi Global,USDT,huobi,1992751008.2969847,22508528.408778034,23296566.306112397,45805094.71489043,18,20,7,July,2024
18:08:46,2024-07-20,Huobi Global,BTC,huobi,29665.853903596624,335.1168790949843,346.8457376822324,681.9626167772167,18,20,7,July,2024
18:08:50,2024-07-20,Huobi Global,ETH,huobi,566527.2555937617,6399.709458348359,6623.694855440717,13023.404313789077,18,20,7,July,2024
18:08:54,2024-07-20,Huobi Global,BNB,huobi,3351144.8099789866,37855.818806528914,39180.746236879015,77036.56504340793,18,20,7,July,2024
18:08:59,2024-07-20,Huobi Global,SOL,huobi,11416897.980791988,128986.74389742172,133497.41263153878,262484.1565289605,18,20,7,July,2024
18:09:03,2024-07-20,Huobi Global,USDT,huobi,1992357269.0190854,22509413.436424885,23296568.025672764,45805981.46209765,18,20,7,July,2024
18:09:16,2024-07-20,Huobi Global,BTC,huobi,29659.326113204934,335.09991443192825,347.0171334653319,682.1170478972602,18,20,7,July,2024
18:09:20,2024-07-20,Huobi Global,ETH,huobi,566397.9467147564,6399.332970482832,6626.913609547474,13026.246580030307,18,20,7,July,2024
18:09:25,2024-07-20,Huobi Global,BNB,huobi,3350359.890976294,37853.36553154083,39199.55163533496,77052.9171668758,18,20,7,July,2024
18:09:29,2024-07-20,Huobi Global,SOL,huobi,11421288.840779169,129041.12853540044,133630.24159345927,262671.3701288597,18,20,7,July,2024
18:09:34,2024-07-20,Huobi Global,USDT,huobi,1992083576.806686,22507154.531470105,23307580.550154388,45814735.08162449,18,20,7,July,2024
18:09:47,2024-07-20,Huobi Global,BTC,huobi,29663.0653020191,335.0285882040371,346.9736505322191,682.0022387362561,18,20,7,July,2024
18:09:52,2024-07-20,Huobi Global,ETH,huobi,566397.4991244618,6397.159314517951,6625.242736129393,13022.402050647344,18,20,7,July,2024
18:09:56,2024-07-20,Huobi Global,BNB,huobi,3350440.5762080634,37841.44911119831,39190.64283417309,77032.0919453714,18,20,7,July,2024
18:10:00,2024-07-20,Huobi Global,SOL,huobi,11427594.576930093,129068.61912940591,133670.41358634405,262739.0327157499,18,20,7,July,2024
18:10:05,2024-07-20,Huobi Global,USDT,huobi,1992418756.1918056,22503312.99890129,23305642.966631565,45808955.965532854,18,20,7,July,2024
18:10:17,2024-07-20,Huobi Global,BTC,huobi,29652.444142297474,334.99977260737603,346.94116400085807,681.9409366082342,18,20,7,July,2024
18:10:22,2024-07-20,Huobi Global,ETH,huobi,566137.1820586948,6396.588553653476,6625.266997588147,13021.855551241622,18,20,7,July,2024
18:10:26,2024-07-20,Huobi Global,BNB,huobi,3348989.682635224,37839.07814065303,39191.82756896896,77030.90570962199,18,20,7,July,2024
18:10:30,2024-07-20,Huobi Global,SOL,huobi,11423512.21439521,129070.32039020064,133684.59247873796,262754.9128689386,18,20,7,July,2024
18:10:35,2024-07-20,Huobi Global,USDT,huobi,1991576827.3150146,22502914.536963414,23306720.551426765,45809635.08839018,18,20,7,July,2024
18:10:50,2024-07-20,Huobi Global,BTC,huobi,29633.90799488012,334.8472687877092,346.8075720851954,681.6548408729046,18,20,7,July,2024
18:10:54,2024-07-20,Huobi Global,ETH,huobi,566060.5935329446,6396.181149836997,6624.64431387796,13020.825463714958,18,20,7,July,2024
18:10:59,2024-07-20,Huobi Global,BNB,huobi,3348744.90712289,37839.02164407684,39190.581646288556,77029.60329036541,18,20,7,July,2024
18:11:03,2024-07-20,Huobi Global,SOL,huobi,11421977.493192082,129142.55331201869,133750.79752218418,262893.35083420284,18,20,7,July,2024
18:11:07,2024-07-20,Huobi Global,USDT,huobi,1992491959.7697248,22528104.200143956,23331983.348293465,45860087.54843742,18,20,7,July,2024
18:11:20,2024-07-20,Huobi Global,BTC,huobi,29622.01522498785,334.8907109193013,346.843338156189,681.7340490754904,18,20,7,July,2024
18:11:24,2024-07-20,Huobi Global,ETH,huobi,565891.1278139723,6397.596793260464,6626.319796986891,13023.916590247356,18,20,7,July,2024
18:11:28,2024-07-20,Huobi Global,BNB,huobi,3350221.976766052,37875.429250969115,39229.52864573488,77104.957896704,18,20,7,July,2024
18:11:33,2024-07-20,Huobi Global,SOL,huobi,11417872.43088242,129083.03463220835,133697.93306442953,262780.9676966379,18,20,7,July,2024
18:11:37,2024-07-20,Huobi Global,USDT,huobi,1992521570.53476,22526152.0875902,23331493.42659105,45857645.51418125,18,20,7,July,2024
18:11:49,2024-07-20,Huobi Global,BTC,huobi,29612.386247507577,334.775982110517,346.7595606886569,681.5355427991739,18,20,7,July,2024
18:11:55,2024-07-20,Huobi Global,ETH,huobi,565745.0509735937,6395.899792769676,6624.846228118379,13020.746020888055,18,20,7,July,2024
18:11:59,2024-07-20,Huobi Global,BNB,huobi,3349611.8787051244,37871.27015363247,39226.501491918985,77097.77164555145,18,20,7,July,2024
18:12:03,2024-07-20,Huobi Global,SOL,huobi,11412972.316385275,129036.9671177671,133654.58202548025,262691.5491432473,18,20,7,July,2024
18:12:08,2024-07-20,Huobi Global,USDT,huobi,1992127966.9170744,22523330.805982225,23329332.918587193,45852663.72456942,18,20,7,July,2024
18:12:21,2024-07-20,Huobi Global,BTC,huobi,29610.321295466907,334.82610924300116,346.7851974660306,681.6113067090317,18,20,7,July,2024
18:12:27,2024-07-20,Huobi Global,ETH,huobi,565807.5463479027,6392.670877259344,6623.306199933202,13015.977077192545,18,20,7,July,2024
18:12:30,2024-07-20,Huobi Global,BNB,huobi,3350241.6607052614,37852.07962391273,39217.71016638176,77069.78979029448,18,20,7,July,2024
18:12:34,2024-07-20,Huobi Global,SOL,huobi,11417468.873572271,128998.1394401935,133652.1452673903,262650.2847075838,18,20,7,July,2024
18:12:39,2024-07-20,Huobi Global,USDT,huobi,1992517885.3640976,22512091.1525514,23324284.28852244,45836375.441073835,18,20,7,July,2024
18:12:52,2024-07-20,Huobi Global,BTC,huobi,29626.11833831419,334.8072356852374,346.7957354419542,681.6029711271917,18,20,7,July,2024
18:12:56,2024-07-20,Huobi Global,ETH,huobi,565838.5225982685,6394.588363955244,6623.560479473242,13018.148843428487,18,20,7,July,2024
18:13:00,2024-07-20,Huobi Global,BNB,huobi,3348519.8296955577,37845.581519326115,39208.685701132745,77054.26722045886,18,20,7,July,2024
18:13:04,2024-07-20,Huobi Global,SOL,huobi,11420863.498260614,129080.68117482694,133729.8478472958,262810.52902212273,18,20,7,July,2024
18:13:08,2024-07-20,Huobi Global,USDT,huobi,1991648093.545792,22510673.568788283,23324039.26077437,45834712.82956266,18,20,7,July,2024
18:13:21,2024-07-20,Huobi Global,BTC,huobi,29620.49537638351,334.7867048020957,346.88336725810757,681.6700720602032,18,20,7,July,2024
18:13:25,2024-07-20,Huobi Global,ETH,huobi,565633.3309958337,6395.983744804523,6625.616684263543,13021.600429068067,18,20,7,July,2024
18:13:30,2024-07-20,Huobi Global,BNB,huobi,3347486.120478586,37852.201486863036,39211.19685633753,77063.39834320058,18,20,7,July,2024
18:13:35,2024-07-20,Huobi Global,SOL,huobi,11417568.579104148,129134.44159825654,133754.0966942327,262888.53829248925,18,20,7,July,2024
18:13:39,2024-07-20,Huobi Global,USDT,huobi,1991194216.359142,22520710.20740837,23326366.02151196,45847076.22892033,18,20,7,July,2024
18:13:52,2024-07-20,Huobi Global,BTC,huobi,29627.65341146197,334.9269376430939,346.88223926357324,681.8091769066672,18,20,7,July,2024
18:13:56,2024-07-20,Huobi Global,ETH,huobi,565727.2892633333,6395.285711719389,6623.567050242905,13018.852761962295,18,20,7,July,2024
18:14:00,2024-07-20,Huobi Global,BNB,huobi,3347900.980611227,37846.474285224154,39197.41374245506,77043.88802767922,18,20,7,July,2024
18:14:04,2024-07-20,Huobi Global,SOL,huobi,11414912.467132648,129071.00461313043,133666.91826597773,262737.92287910817,18,20,7,July,2024
18:14:08,2024-07-20,Huobi Global,USDT,huobi,1991335675.0715168,22516484.19061505,23318243.016433015,45834727.20704807,18,20,7,July,2024
18:14:20,2024-07-20,Huobi Global,BTC,huobi,29631.252360163227,335.08101708845874,347.0063291994455,682.0873462879042,18,20,7,July,2024
18:14:25,2024-07-20,Huobi Global,ETH,huobi,565633.4299832925,6396.389282312167,6624.032552700133,13020.421835012301,18,20,7,July,2024
18:14:28,2024-07-20,Huobi Global,BNB,huobi,3347002.5101248417,37908.80982040676,39188.90077632333,77097.71059673007,18,20,7,July,2024
18:14:33,2024-07-20,Huobi Global,SOL,huobi,11410922.102470366,129242.35179073416,133606.56070239583,262848.91249312996,18,20,7,July,2024
18:14:37,2024-07-20,Huobi Global,USDT,huobi,1990638779.078455,22548658.843067262,23309750.885001652,45858409.72806892,18,20,7,July,2024
18:14:50,2024-07-20,Huobi Global,BTC,huobi,29622.126741709184,335.54219212326944,346.54917796283587,682.0913700861054,18,20,7,July,2024
18:14:54,2024-07-20,Huobi Global,ETH,huobi,565449.2143425903,6405.079235845094,6615.188778266954,13020.268014112049,18,20,7,July,2024
18:14:58,2024-07-20,Huobi Global,BNB,huobi,3346190.7231808775,37903.69882314114,39147.075918502764,77050.77474164391,18,20,7,July,2024
18:15:03,2024-07-20,Huobi Global,SOL,huobi,11406767.9124371,129217.16755007218,133459.3932951147,262676.5608451869,18,20,7,July,2024
18:15:07,2024-07-20,Huobi Global,USDT,huobi,1990258673.2561467,22545877.186623435,23286062.89459911,45831940.08122255,18,20,7,July,2024
18:15:22,2024-07-20,Huobi Global,BTC,huobi,29615.420819290837,335.5385467692408,346.55712741074854,682.0956741799893,18,20,7,July,2024
18:15:26,2024-07-20,Huobi Global,ETH,huobi,565308.7023347673,6404.867977896767,6615.194198213865,13020.062176110632,18,20,7,July,2024
18:15:29,2024-07-20,Huobi Global,BNB,huobi,3346737.693594633,37893.109942203555,39139.83188493697,77032.94182714052,18,20,7,July,2024
18:15:34,2024-07-20,Huobi Global,SOL,huobi,11411123.838636424,129201.33269157361,133452.18823609527,262653.52092766884,18,20,7,July,2024
18:15:38,2024-07-20,Huobi Global,USDT,huobi,1990767215.0891333,22540266.92772654,23281864.685649466,45822131.61337601,18,20,7,July,2024
18:15:50,2024-07-20,Huobi Global,BTC,huobi,29629.009681534375,335.5125625419427,346.55538984811847,682.0679523900612,18,20,7,July,2024
18:15:54,2024-07-20,Huobi Global,ETH,huobi,565532.5796860011,6423.980514720758,6634.130707256252,13058.111221977011,18,20,7,July,2024
18:15:58,2024-07-20,Huobi Global,BNB,huobi,3346294.1564887986,38014.57621882013,39257.20400824853,77271.78022706867,18,20,7,July,2024
18:16:02,2024-07-20,Huobi Global,SOL,huobi,11408017.886990925,129597.38301241347,133833.68723007548,263431.070242489,18,20,7,July,2024
18:16:06,2024-07-20,Huobi Global,USDT,huobi,1990305942.454836,22610276.744949773,23349365.826154143,45959642.571103916,18,20,7,July,2024
18:16:21,2024-07-20,Huobi Global,BTC,huobi,29620.442283979002,336.4732813545394,347.5557454034053,684.0290267579447,18,20,7,July,2024
18:16:25,2024-07-20,Huobi Global,ETH,huobi,565381.371923995,6422.447160111848,6633.984134076452,13056.4312941883,18,20,7,July,2024
18:16:29,2024-07-20,Huobi Global,BNB,huobi,3345840.445677467,38007.059545317556,39258.902988334536,77265.9625336521,18,20,7,July,2024
18:16:33,2024-07-20,Huobi Global,SOL,huobi,11404478.43839623,129561.83995802516,133815.4479399728,263377.28789799794,18,20,7,July,2024
18:16:37,2024-07-20,Huobi Global,USDT,huobi,1989951801.7486584,22607067.76333737,23349273.986386664,45956341.74972403,18,20,7,July,2024
18:16:51,2024-07-20,Huobi Global,BTC,huobi,29612.380682405314,336.42673942915536,347.4902316623717,683.916971091527,18,20,7,July,2024
18:16:55,2024-07-20,Huobi Global,ETH,huobi,565310.3445755155,6422.50003574062,6633.705837585662,13056.205873326282,18,20,7,July,2024
18:16:59,2024-07-20,Huobi Global,BNB,huobi,3347467.27301478,38033.727365846324,39283.6385405283,77317.36590637463,18,20,7,July,2024
18:17:03,2024-07-20,Huobi Global,SOL,huobi,11409851.387740541,129638.06411625253,133898.38978574105,263536.4539019936,18,20,7,July,2024
18:17:08,2024-07-20,Huobi Global,USDT,huobi,1990896661.4622784,22621510.7552153,23365500.39716155,45987011.15237685,18,20,7,July,2024
18:17:22,2024-07-20,Huobi Global,BTC,huobi,29614.898352072996,336.51816185005475,347.57358014532116,684.091741995376,18,20,7,July,2024
18:17:27,2024-07-20,Huobi Global,ETH,huobi,565371.5265451607,6424.3943914134425,6635.4509563856645,13059.845347799108,18,20,7,July,2024
18:17:31,2024-07-20,Huobi Global,BNB,huobi,3346534.155709801,38027.12774021921,39276.408912517356,77303.53665273657,18,20,7,July,2024
18:17:35,2024-07-20,Huobi Global,SOL,huobi,11408657.204434073,129638.140437676,133897.06025846596,263535.2006961419,18,20,7,July,2024
18:17:40,2024-07-20,Huobi Global,USDT,huobi,1990751052.1271303,22621177.921955988,23364337.170431565,45985515.09238756,18,20,7,July,2024
18:17:52,2024-07-20,Huobi Global,BTC,huobi,29609.467961162816,336.54206469485524,347.70140649513417,684.2434711899894,18,20,7,July,2024
18:17:57,2024-07-20,Huobi Global,ETH,huobi,565277.2333235118,6424.957296673392,6638.001376588882,13062.958673262274,18,20,7,July,2024
18:18:01,2024-07-20,Huobi Global,BNB,huobi,3346028.1329008266,38031.05202195914,39292.11728856122,77323.16931052036,18,20,7,July,2024
18:18:07,2024-07-20,Huobi Global,SOL,huobi,11406635.56541418,129648.14799919486,133947.1291640248,263595.27716321964,18,20,7,July,2024
18:18:11,2024-07-20,Huobi Global,USDT,huobi,1990417504.2620745,22623142.616671074,23373299.603093546,45996442.21976462,18,20,7,July,2024
18:18:25,2024-07-20,Huobi Global,BTC,huobi,29609.467961162816,336.54206469485524,347.70140649513417,684.2434711899894,18,20,7,July,2024
18:18:29,2024-07-20,Huobi Global,ETH,huobi,565254.4070250512,6424.937392156241,6637.763655335885,13062.701047492124,18,20,7,July,2024
18:18:34,2024-07-20,Huobi Global,BNB,huobi,3345919.9019420263,38031.23977801086,39291.02585093423,77322.26562894508,18,20,7,July,2024
18:18:39,2024-07-20,Huobi Global,SOL,huobi,11403107.10029258,129612.87569790706,133906.30648346303,263519.1821813701,18,20,7,July,2024
18:18:43,2024-07-20,Huobi Global,USDT,huobi,1991120436.0890942,22634810.116071593,23376513.672772303,46011323.78884389,18,20,7,July,2024
18:18:56,2024-07-20,Huobi Global,BTC,huobi,29618.66909006848,336.720226782097,347.86325205481984,684.5834788369168,18,20,7,July,2024
18:19:01,2024-07-20,Huobi Global,ETH,huobi,565320.30062739,6426.851228626151,6639.533924729689,13066.38515335584,18,20,7,July,2024
18:19:05,2024-07-20,Huobi Global,BNB,huobi,3346882.0534953224,38050.438857512316,39310.86754092033,77361.30639843264,18,20,7,July,2024
18:19:09,2024-07-20,Huobi Global,SOL,huobi,11402638.518528521,129635.70058002665,133929.91006382866,263565.61064385535,18,20,7,July,2024
18:19:13,2024-07-20,Huobi Global,USDT,huobi,1990669718.1309266,22602105.654691912,23385245.54903659,45987351.2037285,18,20,7,July,2024
18:19:26,2024-07-20,Huobi Global,BTC,huobi,29612.403709504615,336.5275925148588,347.925164859618,684.4527573744768,18,20,7,July,2024
18:19:30,2024-07-20,Huobi Global,ETH,huobi,565165.1116557476,6422.769872540072,6640.297308340996,13063.06718088107,18,20,7,July,2024
18:19:34,2024-07-20,Huobi Global,BNB,huobi,3345701.3163819467,38027.1122550809,39312.20935915257,77339.32161423347,18,20,7,July,2024
18:19:38,2024-07-20,Huobi Global,SOL,huobi,11397736.989115981,129546.2394735542,133924.1553161803,263470.3947897345,18,20,7,July,2024
18:19:43,2024-07-20,Huobi Global,USDT,huobi,1990327660.3395247,22621987.50185243,23386480.225674547,46008467.72752698,18,20,7,July,2024
18:19:58,2024-07-20,Huobi Global,BTC,huobi,29606.71451950291,336.52344651397647,347.8999098391077,684.4233563530842,18,20,7,July,2024
18:20:02,2024-07-20,Huobi Global,ETH,huobi,565031.1150438469,6422.902939451425,6640.074350951721,13062.977290403145,18,20,7,July,2024
18:20:06,2024-07-20,Huobi Global,BNB,huobi,3345166.1072198967,38025.65319141522,39311.37786367777,77337.03105509299,18,20,7,July,2024
18:20:11,2024-07-20,Huobi Global,SOL,huobi,11397967.57019563,129504.48479892555,133884.5668680337,263389.05166695925,18,20,7,July,2024
18:20:15,2024-07-20,Huobi Global,USDT,huobi,1990810642.2093873,22619726.276964635,23384767.407607306,46004493.684571944,18,20,7,July,2024
18:20:28,2024-07-20,Huobi Global,BTC,huobi,29607.20456226211,336.43489241533484,347.8065342653466,684.2414266806815,18,20,7,July,2024
18:20:33,2024-07-20,Huobi Global,ETH,huobi,565212.6870834865,6422.668819368818,6639.757745582023,13062.42656495084,18,20,7,July,2024
18:20:37,2024-07-20,Huobi Global,BNB,huobi,3345568.629148646,38021.38666445764,39311.71510461552,77333.10176907315,18,20,7,July,2024
18:20:41,2024-07-20,Huobi Global,SOL,huobi,11394070.202861506,129490.19939107174,133884.6968477414,263374.8962388132,18,20,7,July,2024
18:20:46,2024-07-20,Huobi Global,USDT,huobi,1990427356.9377847,22620611.487770945,23388285.18136923,46008896.669140175,18,20,7,July,2024
18:20:59,2024-07-20,Huobi Global,BTC,huobi,29597.315348982374,336.462355902326,347.7873251943831,684.2496810967091,18,20,7,July,2024
18:21:04,2024-07-20,Huobi Global,ETH,huobi,565041.9130993545,6423.397900225527,6639.602722829324,13063.000623054852,18,20,7,July,2024
18:21:08,2024-07-20,Huobi Global,BNB,huobi,3344540.1850146046,38035.730631928556,39303.94851180973,77339.67914373828,18,20,7,July,2024
18:21:13,2024-07-20,Huobi Global,SOL,huobi,11391257.91940243,129546.90146123082,133866.35829791438,263413.2597591452,18,20,7,July,2024
18:21:17,2024-07-20,Huobi Global,USDT,huobi,1989920835.884588,22630343.397185937,23384902.482744034,46015245.87992997,18,20,7,July,2024
18:21:30,2024-07-20,Huobi Global,BTC,huobi,29593.63370582409,336.57194533632963,347.807358911988,684.3793042483177,18,20,7,July,2024
18:21:34,2024-07-20,Huobi Global,ETH,huobi,565207.5106752809,6427.262720253678,6641.565858279783,13068.828578533461,18,20,7,July,2024
18:21:38,2024-07-20,Huobi Global,BNB,huobi,3345747.5496871024,38046.20089317661,39314.76895959253,77360.96985276915,18,20,7,July,2024
18:21:43,2024-07-20,Huobi Global,SOL,huobi,11396169.09075907,129591.64796524422,133912.6004499483,263504.24841519253,18,20,7,July,2024
18:21:47,2024-07-20,Huobi Global,USDT,huobi,1990634827.491998,22638525.359755136,23392366.48536064,46030891.84511577,18,20,7,July,2024
18:21:59,2024-07-20,Huobi Global,BTC,huobi,29595.54058129429,336.5644295366775,347.80443427150703,684.3688638081845,18,20,7,July,2024
18:22:03,2024-07-20,Huobi Global,ETH,huobi,565005.889558746,6425.989126706595,6640.298874233757,13066.288000940353,18,20,7,July,2024
18:22:08,2024-07-20,Huobi Global,BNB,huobi,3344928.54670261,38042.92108796964,39311.670326849395,77354.59141481903,18,20,7,July,2024
18:22:12,2024-07-20,Huobi Global,SOL,huobi,11394545.573935337,129593.73931315122,133915.75122535258,263509.4905385038,18,20,7,July,2024
18:22:16,2024-07-20,Huobi Global,USDT,huobi,1990080474.9070914,22636425.500027273,23391694.95681012,46028120.45683739,18,20,7,July,2024
18:22:32,2024-07-20,Huobi Global,BTC,huobi,29587.93591957097,336.58060472149333,347.80964082162603,684.3902455431195,18,20,7,July,2024
18:22:36,2024-07-20,Huobi Global,ETH,huobi,564912.2934782342,6426.217829806184,6640.6099575341605,13066.827787340346,18,20,7,July,2024
18:22:41,2024-07-20,Huobi Global,BNB,huobi,3344110.3768877382,38045.05243994441,39314.2422894478,77359.2947293922,18,20,7,July,2024
18:22:45,2024-07-20,Huobi Global,SOL,huobi,11392381.651697766,129608.08959842897,133931.83897402824,263539.9285724572,18,20,7,July,2024
18:22:49,2024-07-20,Huobi Global,USDT,huobi,1989740735.6822402,22636750.017018244,23391916.103139352,46028666.1201576,18,20,7,July,2024
18:23:03,2024-07-20,Huobi Global,BTC,huobi,29582.8187752619,336.6077265933584,347.8272895643765,684.4350161577348,18,20,7,July,2024
18:23:07,2024-07-20,Huobi Global,ETH,huobi,565060.765215152,6426.983507238229,6638.2433484519715,13065.226855690202,18,20,7,July,2024
18:23:12,2024-07-20,Huobi Global,BNB,huobi,3345319.979877916,38049.565039121866,39300.283211864,77349.84825098587,18,20,7,July,2024
18:23:16,2024-07-20,Huobi Global,SOL,huobi,11399785.574017419,128951.05249240219,116594.07416366188,245545.12665606407,18,20,7,July,2024
18:23:21,2024-07-20,Huobi Global,USDT,huobi,1990244450.0696273,22513065.25787539,20355708.22876953,42868773.48664492,18,20,7,July,2024
18:23:35,2024-07-20,Huobi Global,BTC,huobi,29592.279716912617,336.53535848872923,267.55580785855955,604.0911663472889,18,20,7,July,2024
18:23:39,2024-07-20,Huobi Global,ETH,huobi,565007.8153491551,6425.497106219555,5108.464908019422,11533.962014238978,18,20,7,July,2024
18:23:43,2024-07-20,Huobi Global,BNB,huobi,3344687.4348028186,38037.13656642706,30240.67619033732,68277.81275676438,18,20,7,July,2024
18:23:47,2024-07-20,Huobi Global,SOL,huobi,11399318.28010198,129642.89043593616,103142.68899391238,232785.57942984853,18,20,7,July,2024
18:23:51,2024-07-20,Huobi Global,USDT,huobi,1989753832.9077878,22629198.67799679,18003581.944043856,40632780.622040644,18,20,7,July,2024
18:24:04,2024-07-20,Huobi Global,BTC,huobi,29587.33665091563,336.47412210914234,267.7211541891691,604.1952762983115,18,20,7,July,2024
18:24:09,2024-07-20,Huobi Global,ETH,huobi,564853.7697914006,6423.842104432908,5111.216917390517,11535.059021823425,18,20,7,July,2024
18:24:13,2024-07-20,Huobi Global,BNB,huobi,3343813.167345018,38027.76747277557,30257.307897296458,68285.07537007204,18,20,7,July,2024
18:24:17,2024-07-20,Huobi Global,SOL,huobi,11397356.15737852,129617.29261366864,103131.75324408527,232749.0458577539,18,20,7,July,2024
18:24:22,2024-07-20,Huobi Global,USDT,huobi,1989400814.7997172,22624610.82878678,18001577.83107283,40626188.659859605,18,20,7,July,2024
18:24:36,2024-07-20,Huobi Global,BTC,huobi,29583.65514026036,336.475426029172,267.6610527256011,604.1364787547732,18,20,7,July,2024
18:24:41,2024-07-20,Huobi Global,ETH,huobi,565002.057125806,6423.301699030239,5109.747624628651,11533.049323658888,18,20,7,July,2024
18:24:45,2024-07-20,Huobi Global,BNB,huobi,3344299.091828021,38022.5334980072,30247.320365248477,68269.85386325567,18,20,7,July,2024
18:24:49,2024-07-20,Huobi Global,SOL,huobi,11401062.464127645,129622.76027118515,103116.25228118557,232739.01255237072,18,20,7,July,2024
18:24:54,2024-07-20,Huobi Global,USDT,huobi,1989710828.2808702,22621734.642251756,17995824.896247134,40617559.538498886,18,20,7,July,2024
18:25:06,2024-07-20,Huobi Global,BTC,huobi,29585.601755631127,336.389059870369,267.61247882857197,604.001538698941,18,20,7,July,2024
18:25:11,2024-07-20,Huobi Global,ETH,huobi,564932.1949030007,6424.180927909947,5112.211534743848,11536.392462653794,18,20,7,July,2024
18:25:15,2024-07-20,Huobi Global,BNB,huobi,3343936.786674904,38025.89960868114,30260.113278247372,68286.01288692851,18,20,7,July,2024
18:25:20,2024-07-20,Huobi Global,SOL,huobi,11400961.969608638,129647.1383748312,103170.13229918088,232817.27067401208,18,20,7,July,2024
18:25:25,2024-07-20,Huobi Global,USDT,huobi,1989309056.6216867,22621619.756441478,18001751.001601078,40623370.75804256,18,20,7,July,2024
18:25:37,2024-07-20,Huobi Global,BTC,huobi,29576.142994309812,336.786981491599,267.6853218973456,604.4723033889446,18,20,7,July,2024
18:25:41,2024-07-20,Huobi Global,ETH,huobi,564823.5140643037,6431.711072461078,5112.05819523464,11543.76926769572,18,20,7,July,2024
18:25:45,2024-07-20,Huobi Global,BNB,huobi,3342628.3512114896,38069.8038288165,30258.30306854037,68328.10689735688,18,20,7,July,2024
18:25:49,2024-07-20,Huobi Global,SOL,huobi,11401414.428790879,129852.78800671674,103208.43867411929,233061.22668083603,18,20,7,July,2024
18:25:53,2024-07-20,Huobi Global,USDT,huobi,1988531444.7011003,22647747.237519372,18000681.138625737,40648428.37614511,18,20,7,July,2024
18:26:06,2024-07-20,Huobi Global,BTC,huobi,29590.921132714928,336.86535330630505,267.66673272251387,604.5320860288189,18,20,7,July,2024
18:26:11,2024-07-20,Huobi Global,ETH,huobi,565040.201881075,6432.461713011588,5111.110398221682,11543.572111233269,18,20,7,July,2024
18:26:15,2024-07-20,Huobi Global,BNB,huobi,3344215.366472741,38070.80847218813,30250.332412752963,68321.14088494108,18,20,7,July,2024
18:26:19,2024-07-20,Huobi Global,SOL,huobi,11408500.97388254,129861.47314985929,103271.20376110624,233132.6769109655,18,20,7,July,2024
18:26:23,2024-07-20,Huobi Global,USDT,huobi,1989230570.5940876,22643151.183793996,18006768.46624589,40649919.65003988,18,20,7,July,2024
18:26:37,2024-07-20,Huobi Global,BTC,huobi,29588.02672549054,336.79663497999275,267.8345861434688,604.6312211234615,18,20,7,July,2024
18:26:41,2024-07-20,Huobi Global,ETH,huobi,564989.469773643,6430.150610998395,5114.576016905595,11544.72662790399,18,20,7,July,2024
18:26:45,2024-07-20,Huobi Global,BNB,huobi,3343679.055244739,38054.44361410556,30268.70697437217,68323.15058847774,18,20,7,July,2024
18:26:49,2024-07-20,Huobi Global,SOL,huobi,11408193.214943793,129836.75713610741,103272.84761033369,233109.60474644112,18,20,7,July,2024
18:26:54,2024-07-20,Huobi Global,USDT,huobi,1988622874.8257403,22634073.31443892,17997741.87337949,40631815.18781841,18,20,7,July,2024
18:27:08,2024-07-20,Huobi Global,BTC,huobi,29576.1902335809,336.6600374745523,267.70552020594323,604.3655576804955,18,20,7,July,2024
18:27:12,2024-07-20,Huobi Global,ETH,huobi,564752.9191048328,6428.857640133253,5112.300376197022,11541.158016330273,18,20,7,July,2024
18:27:16,2024-07-20,Huobi Global,BNB,huobi,3342174.9130947767,38045.605428243245,30254.296148859805,68299.90157710304,18,20,7,July,2024
18:27:20,2024-07-20,Huobi Global,SOL,huobi,11405917.041084617,129839.1109310787,103249.53091421734,233088.64184529602,18,20,7,July,2024
18:27:24,2024-07-20,Huobi Global,USDT,huobi,1988862097.1258068,22621748.815351576,17992135.512370255,40613884.32772183,18,20,7,July,2024
18:27:37,2024-07-20,Huobi Global,BTC,huobi,29581.470823868553,336.5142277341818,267.6371417051358,604.1513694393176,18,20,7,July,2024
18:27:41,2024-07-20,Huobi Global,ETH,huobi,564909.568290212,6426.323702587624,5110.996105612248,11537.319808199873,18,20,7,July,2024
18:27:47,2024-07-20,Huobi Global,BNB,huobi,3343443.1990634976,38035.04280572711,30256.93106513819,68291.97387086529,18,20,7,July,2024
18:27:52,2024-07-20,Huobi Global,SOL,huobi,11419039.06610869,129903.10103110732,103338.10305201146,233241.20408311876,18,20,7,July,2024
18:27:56,2024-07-20,Huobi Global,USDT,huobi,1988414289.7619739,22620220.570159543,17994417.883670215,40614638.45382976,18,20,7,July,2024
18:28:08,2024-07-20,Huobi Global,BTC,huobi,29572.305922455835,336.4860522504373,267.6868394726916,604.1728917231288,18,20,7,July,2024
18:28:12,2024-07-20,Huobi Global,ETH,huobi,564750.8662765283,6425.971312372468,5112.092877689062,11538.06419006153,18,20,7,July,2024
18:28:16,2024-07-20,Huobi Global,BNB,huobi,3342805.6938356906,38035.83982623854,30258.887944030947,68294.72777026948,18,20,7,July,2024
18:28:21,2024-07-20,Huobi Global,SOL,huobi,11417481.619324826,129939.60826829977,103387.85675439207,233327.46502269182,18,20,7,July,2024
18:28:25,2024-07-20,Huobi Global,USDT,huobi,1987821901.5622973,22622922.270263843,18000173.14362178,40623095.413885616,18,20,7,July,2024
18:28:39,2024-07-20,Huobi Global,BTC,huobi,29566.67429891932,336.52277758473184,267.76119458256085,604.2839721672926,18,20,7,July,2024
18:28:43,2024-07-20,Huobi Global,ETH,huobi,564648.4242941283,6426.730790931311,5113.559106432292,11540.289897363604,18,20,7,July,2024
18:28:46,2024-07-20,Huobi Global,BNB,huobi,3341793.538723195,38042.586633040424,30267.58940576329,68310.17603880372,18,20,7,July,2024
18:28:52,2024-07-20,Huobi Global,SOL,huobi,11416759.290081529,129967.05192249497,103404.88678682681,233371.93870932178,18,20,7,July,2024
18:28:56,2024-07-20,Huobi Global,USDT,huobi,1987400192.3040054,22624331.25031811,18000457.631076667,40624788.88139478,18,20,7,July,2024
18:29:09,2024-07-20,Huobi Global,BTC,huobi,29596.756353577046,335.79164722297986,267.8250884583694,603.6167356813493,18,20,7,July,2024
18:29:13,2024-07-20,Huobi Global,ETH,huobi,565007.7934115187,6410.3273810457595,5112.832651062428,11523.160032108188,18,20,7,July,2024
18:29:17,2024-07-20,Huobi Global,BNB,huobi,3342792.106971507,37925.83398377286,30249.382096203237,68175.2160799761,18,20,7,July,2024
18:29:21,2024-07-20,Huobi Global,SOL,huobi,11422903.353714356,129599.18605232774,103367.41177349328,232966.59782582102,18,20,7,July,2024
18:29:25,2024-07-20,Huobi Global,USDT,huobi,1987823693.7468522,22544595.858438056,17987467.399805225,40532063.258243285,18,20,7,July,2024
18:29:38,2024-07-20,Huobi Global,BTC,huobi,29593.204220730484,335.65984571197663,267.80270189601015,603.4625476079868,18,20,7,July,2024
18:29:43,2024-07-20,Huobi Global,ETH,huobi,564865.1936234848,6407.621339736105,5112.2360343667015,11519.857374102807,18,20,7,July,2024
18:29:47,2024-07-20,Huobi Global,BNB,huobi,3341898.247527678,37909.25475284011,30245.39808268976,68154.65283552988,18,20,7,July,2024
18:29:51,2024-07-20,Huobi Global,SOL,huobi,11419346.181834918,129551.53644596491,103405.12439500834,232956.66084097326,18,20,7,July,2024
18:29:55,2024-07-20,Huobi Global,USDT,huobi,1987245885.8258922,22545139.949798632,17995023.949284945,40540163.89908358,18,20,7,July,2024
18:30:08,2024-07-20,Huobi Global,BTC,huobi,29587.009995345794,335.61390770424975,267.88799689878743,603.5019046030372,18,20,7,July,2024
18:30:12,2024-07-20,Huobi Global,ETH,huobi,564917.144997086,6408.9260091320175,5115.279962942971,11524.205972074988,18,20,7,July,2024
18:30:16,2024-07-20,Huobi Global,BNB,huobi,3342152.9393768176,37916.37603737376,30262.92990978947,68179.30594716323,18,20,7,July,2024
18:30:21,2024-07-20,Huobi Global,SOL,huobi,11420886.02769381,129568.75916838543,103415.21756578806,232983.97673417348,18,20,7,July,2024
18:30:25,2024-07-20,Huobi Global,USDT,huobi,1988607823.774434,22552731.837908585,17999793.702885218,40552525.5407938,18,20,7,July,2024
18:30:37,2024-07-20,Huobi Global,BTC,huobi,29600.619019311027,335.7114533301141,267.9533096638414,603.6647629939555,18,20,7,July,2024
18:30:41,2024-07-20,Huobi Global,ETH,huobi,564942.9721461653,6407.2250010749185,5114.0261309783855,11521.251132053303,18,20,7,July,2024
18:30:45,2024-07-20,Huobi Global,BNB,huobi,3343578.5764442403,37954.16945363981,30272.909567240156,68227.07902087997,18,20,7,July,2024
18:30:50,2024-07-20,Huobi Global,SOL,huobi,11426943.601770408,129711.3687873912,103460.05705486609,233171.4258422573,18,20,7,July,2024
18:30:54,2024-07-20,Huobi Global,USDT,huobi,1988422323.1209211,22571300.799932063,18003264.404611815,40574565.20454388,18,20,7,July,2024
18:31:06,2024-07-20,Huobi Global,BTC,huobi,29596.33137108649,335.98745441852094,267.98939560294593,603.9768500214669,18,20,7,July,2024
18:31:11,2024-07-20,Huobi Global,ETH,huobi,564814.2849705166,6412.498536192781,5114.719364006846,11527.217900199628,18,20,7,July,2024
18:31:14,2024-07-20,Huobi Global,BNB,huobi,3343041.4950358514,37954.50870097621,30273.170357635034,68227.67905861123,18,20,7,July,2024
18:31:19,2024-07-20,Huobi Global,SOL,huobi,11425342.365810934,129715.18806414118,103463.06988654054,233178.25795068173,18,20,7,July,2024
18:31:23,2024-07-20,Huobi Global,USDT,huobi,1987905802.2731621,22570721.69813036,18003305.770684868,40574027.46881522,18,20,7,July,2024
18:31:37,2024-07-20,Huobi Global,BTC,huobi,29588.641110651537,335.97716818517273,267.99505666395913,603.9722248491317,18,20,7,July,2024
18:31:41,2024-07-20,Huobi Global,ETH,huobi,564707.1429032206,6412.21426888252,5114.757456921908,11526.971725804426,18,20,7,July,2024
18:31:45,2024-07-20,Huobi Global,BNB,huobi,3344332.9297396266,37960.68455290048,30266.04583566001,68226.73038856049,18,20,7,July,2024
18:31:49,2024-07-20,Huobi Global,SOL,huobi,11430932.475595528,129749.64842551455,103449.36748795648,233199.01591347103,18,20,7,July,2024
18:31:54,2024-07-20,Huobi Global,USDT,huobi,1988840600.0436838,22574830.98434744,17998908.011060406,40573738.99540785,18,20,7,July,2024
18:32:07,2024-07-20,Huobi Global,BTC,huobi,29602.876976715845,336.05458158273564,267.95725927827317,604.0118408610087,18,20,7,July,2024
18:32:12,2024-07-20,Huobi Global,ETH,huobi,564835.3357997686,6412.062671632715,5112.737138470522,11524.799810103237,18,20,7,July,2024
18:32:17,2024-07-20,Huobi Global,BNB,huobi,3343777.0241004303,37958.86425579092,30266.96789370683,68225.83214949774,18,20,7,July,2024
18:32:21,2024-07-20,Huobi Global,SOL,huobi,11429255.623509279,129754.62379771406,103463.24032612298,233217.86412383703,18,20,7,July,2024
18:32:25,2024-07-20,Huobi Global,USDT,huobi,1988369849.5336688,22573664.48837385,17999701.32581154,40573365.81418539,18,20,7,July,2024
18:32:37,2024-07-20,Huobi Global,BTC,huobi,29597.450006679406,336.03900089811134,267.97506685973747,604.0140677578488,18,20,7,July,2024
18:32:44,2024-07-20,Huobi Global,ETH,huobi,564709.2504842757,6411.509514766719,5112.872869814293,11524.382384581011,18,20,7,July,2024
18:32:49,2024-07-20,Huobi Global,BNB,huobi,3343143.3573269923,37956.86971011999,30268.792227006394,68225.66193712638,18,20,7,July,2024
18:32:53,2024-07-20,Huobi Global,SOL,huobi,11426779.209428912,129747.40254274047,103467.27190486799,233214.67444760844,18,20,7,July,2024
18:32:57,2024-07-20,Huobi Global,USDT,huobi,1987748906.4754295,22577012.677787922,17999755.229562003,40576767.90734992,18,20,7,July,2024
18:33:09,2024-07-20,Huobi Global,BTC,huobi,29589.502289156364,336.1603999990542,268.0051039328957,604.1655039319498,18,20,7,July,2024
18:33:14,2024-07-20,Huobi Global,ETH,huobi,564526.0352599603,6413.46704545327,5113.159973904544,11526.627019357815,18,20,7,July,2024
18:33:18,2024-07-20,Huobi Global,BNB,huobi,3343669.68757097,37974.50279768732,30268.632761875462,68243.13555956278,18,20,7,July,2024
18:33:22,2024-07-20,Huobi Global,SOL,huobi,11428585.436494993,129795.9697529411,103457.4847063576,233253.4544592987,18,20,7,July,2024
18:33:27,2024-07-20,Huobi Global,USDT,huobi,1988254825.8619208,22580703.31112733,17999008.628187276,40579711.939314604,18,20,7,July,2024
18:33:40,2024-07-20,Huobi Global,BTC,huobi,29596.737094283366,336.15597601037484,267.9454640515076,604.1014400618824,18,20,7,July,2024
18:33:44,2024-07-20,Huobi Global,ETH,huobi,564677.5898931258,6413.536254250598,5112.144571254942,11525.680825505538,18,20,7,July,2024
18:33:48,2024-07-20,Huobi Global,BNB,huobi,3342768.088146366,37969.697975671654,30264.665408327473,68234.36338399912,18,20,7,July,2024
18:33:53,2024-07-20,Huobi Global,SOL,huobi,11425659.590233307,129781.31667356023,103445.33495879124,233226.65163235148,18,20,7,July,2024
18:33:57,2024-07-20,Huobi Global,USDT,huobi,1987797200.7312484,22581404.754077274,17999063.85304549,40580468.607122764,18,20,7,July,2024
18:34:10,2024-07-20,Huobi Global,BTC,huobi,29590.21673593174,336.1287485555663,267.96779768503643,604.0965462406027,18,20,7,July,2024
18:34:14,2024-07-20,Huobi Global,ETH,huobi,564542.54709307,6412.895909286765,5112.4743152127985,11525.370224499566,18,20,7,July,2024
18:34:18,2024-07-20,Huobi Global,BNB,huobi,3342213.4291787585,37965.72452919174,30266.948701421345,68232.6732306131,18,20,7,July,2024
18:34:22,2024-07-20,Huobi Global,SOL,huobi,11423709.511811614,129873.71077935665,103443.53436176019,233317.24514111684,18,20,7,July,2024
18:34:27,2024-07-20,Huobi Global,USDT,huobi,1987584285.735439,22596420.75179681,17997896.667959236,40594317.41975605,18,20,7,July,2024
18:34:41,2024-07-20,Huobi Global,BTC,huobi,29589.691955673243,336.39888086509455,267.93943888417215,604.3383197492667,18,20,7,July,2024
18:34:45,2024-07-20,Huobi Global,ETH,huobi,564537.6540861243,6418.107877745804,5111.979620856496,11530.087498602301,18,20,7,July,2024
18:34:50,2024-07-20,Huobi Global,BNB,huobi,3342146.7820473276,37996.15213473139,30263.6788105734,68259.8309453048,18,20,7,July,2024
18:34:54,2024-07-20,Huobi Global,SOL,huobi,11423709.511811614,129873.71077935665,103443.53436176019,233317.24514111684,18,20,7,July,2024
18:34:59,2024-07-20,Huobi Global,USDT,huobi,1987584285.735439,22596420.75179681,17997896.667959236,40594317.41975605,18,20,7,July,2024
18:35:13,2024-07-20,Huobi Global,BTC,huobi,29609.21159749314,336.38835787480434,268.03787823149287,604.4262361062973,18,20,7,July,2024
18:35:17,2024-07-20,Huobi Global,ETH,huobi,564872.539229084,6417.480764531073,5113.518014070266,11530.998778601339,18,20,7,July,2024
18:35:21,2024-07-20,Huobi Global,BNB,huobi,3343728.6335898247,37990.14094499353,30279.624942508424,68269.76588750194,18,20,7,July,2024
18:35:25,2024-07-20,Huobi Global,SOL,huobi,11430177.22786705,129876.0158655501,103515.47928237641,233391.49514792653,18,20,7,July,2024
18:35:29,2024-07-20,Huobi Global,USDT,huobi,1988012373.210716,22588899.662425082,18004099.98284897,40592999.64527405,18,20,7,July,2024
18:35:43,2024-07-20,Huobi Global,BTC,huobi,29594.852574820678,336.3981213266189,268.07775024634725,604.4758715729662,18,20,7,July,2024
18:35:47,2024-07-20,Huobi Global,ETH,huobi,564587.5444513377,6417.541320662915,5114.178499486621,11531.719820149538,18,20,7,July,2024
