Time,Date,Name,Coin_Name,Code,Volume,Bid_Total,Ask_Total,Depth,Hour,Day,Month_Number,Month_Name,Year
14:50:28,2024-07-15,OrangeX,BTC,orangex,51264.90644013034,1145.8060559132912,1166.3584913504912,2312.1645472637824,14,15,7,July,2024
14:57:13,2024-07-15,OrangeX,BTC,orangex,51426.62111189744,1074.7139112080565,1093.7095480407513,2168.423459248808,14,15,7,July,2024
14:59:25,2024-07-15,OrangeX,BTC,orangex,51448.72173979137,1075.9433838423631,1161.087072255984,2237.0304560983473,14,15,7,July,2024
15:01:47,2024-07-15,OrangeX,ETH,orangex,962875.0482905713,21413.658124987338,22923.309370514016,44336.967495501354,15,15,7,July,2024
15:02:35,2024-07-15,OrangeX,BNB,orangex,5647732.930126846,122996.82475409427,133391.23950808158,256388.06426217585,15,15,7,July,2024
15:02:58,2024-07-15,OrangeX,ADA,orangex,7486131978.860332,165436746.48014605,176514012.41632304,341950758.8964691,15,15,7,July,2024
15:03:20,2024-07-15,OrangeX,DOGE,orangex,27029403577.678444,583799378.6141092,610020240.7246563,1193819619.3387654,15,15,7,July,2024
15:03:54,2024-07-15,OrangeX,SOL,orangex,21001132.79860533,454544.099000366,474422.6168505046,928966.7158508707,15,15,7,July,2024
15:04:30,2024-07-15,OrangeX,USDT,orangex,3268602446.8835006,68335484.18653901,72512948.78277802,140848432.96931702,15,15,7,July,2024
15:04:56,2024-07-15,OrangeX,TONCOIN,orangex,434333081.5733207,9090116.151298039,9665606.594099745,18755722.745397788,15,15,7,July,2024
15:05:16,2024-07-15,OrangeX,USDC,orangex,3274149512.864274,68480584.30870555,72916881.78546043,141397466.09416598,15,15,7,July,2024
15:06:51,2024-07-15,OrangeX,XRP,orangex,6129837828.720458,127980968.40851773,136376939.93123078,264357908.33974853,15,15,7,July,2024
15:10:47,2024-07-15,OrangeX,BTC,orangex,51727.20141914606,1028.0901379305092,1161.9833102197863,2190.0734481502955,15,15,7,July,2024
15:10:49,2024-07-15,OrangeX,ETH,orangex,967979.2317738819,19238.811971372787,21744.375900922063,40983.187872294846,15,15,7,July,2024
15:10:52,2024-07-15,OrangeX,BNB,orangex,5680677.369357221,112904.78162306894,127608.9197335374,240513.70135660633,15,15,7,July,2024
15:10:55,2024-07-15,OrangeX,ADA,orangex,7507726291.689585,149217803.14816573,168651162.4310025,317868965.5791682,15,15,7,July,2024
15:10:57,2024-07-15,OrangeX,DOGE,orangex,27094520783.26505,538509891.2178471,608642649.9946702,1147152541.2125173,15,15,7,July,2024
15:11:00,2024-07-15,OrangeX,SOL,orangex,21100191.032464337,419371.19569157757,473987.9434710295,893359.139162607,15,15,7,July,2024
15:11:03,2024-07-15,OrangeX,USDT,orangex,3285535227.4591746,65300775.46247837,73805212.62906852,139105988.0915469,15,15,7,July,2024
15:11:05,2024-07-15,OrangeX,TONCOIN,orangex,436384671.950253,8673246.67230184,9802805.714021198,18476052.38632304,15,15,7,July,2024
15:11:08,2024-07-15,OrangeX,USDC,orangex,3290955742.466116,65408509.45674543,73926977.34469318,139335486.8014386,15,15,7,July,2024
15:11:10,2024-07-15,OrangeX,XRP,orangex,6150915488.675242,122250873.42170443,138172198.46282962,260423071.88453406,15,15,7,July,2024
15:11:22,2024-07-15,OrangeX,BTC,orangex,51712.851477744276,1026.6579315524011,1162.5783251027763,2189.2362566551774,15,15,7,July,2024
15:11:24,2024-07-15,OrangeX,ETH,orangex,967745.8693142977,19212.7091055149,21756.301184759628,40969.01029027453,15,15,7,July,2024
15:11:27,2024-07-15,OrangeX,BNB,orangex,5679867.21157134,112762.69933468572,127691.4794086853,240454.17874337104,15,15,7,July,2024
15:11:29,2024-07-15,OrangeX,ADA,orangex,7507563965.840279,149048058.11151397,168780697.47836056,317828755.58987457,15,15,7,July,2024
15:11:32,2024-07-15,OrangeX,DOGE,orangex,27085660784.706833,537733033.111213,608924111.6966537,1146657144.8078668,15,15,7,July,2024
15:11:35,2024-07-15,OrangeX,SOL,orangex,21098185.73345362,418863.37932724477,474317.17129855184,893180.5506257965,15,15,7,July,2024
15:11:37,2024-07-15,OrangeX,USDT,orangex,3285032160.2684507,65217914.43265887,73852187.17705567,139070101.60971454,15,15,7,July,2024
15:11:40,2024-07-15,OrangeX,TONCOIN,orangex,436331444.2127967,8662510.868880864,9809350.385965524,18471861.254846387,15,15,7,July,2024
15:11:42,2024-07-15,OrangeX,USDC,orangex,3294214977.4677896,65350486.01511445,74003697.61061053,139354183.62572497,15,15,7,July,2024
15:11:45,2024-07-15,OrangeX,XRP,orangex,6158402317.511458,122170103.4324546,138346934.24286613,260517037.67532074,15,15,7,July,2024
15:11:56,2024-07-15,OrangeX,BTC,orangex,51756.630338297844,1028.0455195250872,1159.432865445302,2187.4783849703895,15,15,7,July,2024
15:11:59,2024-07-15,OrangeX,ETH,orangex,968626.1823482595,19239.888693467972,21698.80501888796,40938.69371235593,15,15,7,July,2024
15:12:01,2024-07-15,OrangeX,BNB,orangex,5685214.945203699,112925.81672630477,127358.07975722179,240283.89648352657,15,15,7,July,2024
15:12:04,2024-07-15,OrangeX,ADA,orangex,7514665571.774203,149264320.75071537,168340755.1804669,317605075.9311823,15,15,7,July,2024
15:12:06,2024-07-15,OrangeX,DOGE,orangex,27109691182.821487,538481666.4848775,607301262.1568918,1145782928.6417694,15,15,7,July,2024
15:12:09,2024-07-15,OrangeX,SOL,orangex,21113192.209720396,419707.4434049597,473010.3496695539,892717.7930745137,15,15,7,July,2024
15:12:12,2024-07-15,OrangeX,USDT,orangex,3287720168.9439425,65356323.81081128,73656586.42617993,139012910.23699123,15,15,7,July,2024
15:12:15,2024-07-15,OrangeX,TONCOIN,orangex,436672478.69794196,8680576.950142164,9783011.483450126,18463588.43359229,15,15,7,July,2024
15:12:17,2024-07-15,OrangeX,USDC,orangex,3293440399.4656477,65470035.811540686,73784739.86751583,139254775.67905653,15,15,7,July,2024
15:12:20,2024-07-15,OrangeX,XRP,orangex,6156727146.244045,122389081.88892114,137932513.06281254,260321594.9517337,15,15,7,July,2024
15:12:31,2024-07-15,OrangeX,BTC,orangex,51799.7363470183,1032.7049376457057,1161.7017931344753,2194.406730780181,15,15,7,July,2024
15:12:33,2024-07-15,OrangeX,ETH,orangex,969348.6738201632,19325.410365954922,21739.378845588075,41064.789211543,15,15,7,July,2024
15:12:36,2024-07-15,OrangeX,BNB,orangex,5691299.871488963,113474.21265664339,127648.46134876396,241122.67400540737,15,15,7,July,2024
15:12:39,2024-07-15,OrangeX,ADA,orangex,7521033895.553461,149955795.5006468,168687018.1149198,318642813.6155667,15,15,7,July,2024
15:12:42,2024-07-15,OrangeX,DOGE,orangex,27139313130.971222,541108755.313814,608699531.1186179,1149808286.432432,15,15,7,July,2024
15:12:44,2024-07-15,OrangeX,SOL,orangex,21123745.450320363,421169.2297821851,473778.1641350957,894947.393917281,15,15,7,July,2024
15:12:47,2024-07-15,OrangeX,USDT,orangex,3291641383.994182,65629368.12869851,73827239.37701198,139456607.5057105,15,15,7,July,2024
15:12:49,2024-07-15,OrangeX,TONCOIN,orangex,437208765.86124873,8717151.01873703,9806024.54809319,18523175.56683022,15,15,7,July,2024
15:12:52,2024-07-15,OrangeX,USDC,orangex,3297291857.08879,65742028.32936027,73953972.146802,139696000.47616228,15,15,7,July,2024
15:12:55,2024-07-15,OrangeX,XRP,orangex,6167775950.363736,122974282.78489235,138335200.70729733,261309483.49218974,15,15,7,July,2024
15:13:05,2024-07-15,OrangeX,BTC,orangex,51781.91681427591,1030.293975897736,1156.8852753209558,2187.1792512186917,15,15,7,July,2024
15:13:08,2024-07-15,OrangeX,ETH,orangex,968950.1704489585,19278.999020820742,21647.792389235936,40926.791410056685,15,15,7,July,2024
15:13:11,2024-07-15,OrangeX,BNB,orangex,5689550.583854335,113203.79879206172,127113.04831110795,240316.8471031697,15,15,7,July,2024
15:13:13,2024-07-15,OrangeX,ADA,orangex,7518608993.399365,149596191.67466363,167976941.96135694,317573133.6360206,15,15,7,July,2024
15:13:17,2024-07-15,OrangeX,DOGE,orangex,27137238271.318336,539943957.92109,606286389.1571739,1146230347.078264,15,15,7,July,2024
15:13:19,2024-07-15,OrangeX,SOL,orangex,21116610.947831616,420152.7944390237,471776.5925477028,891929.3869867265,15,15,7,July,2024
15:13:22,2024-07-15,OrangeX,USDT,orangex,3290642761.3015475,65473231.243262626,73517868.61319348,138991099.85645613,15,15,7,July,2024
15:13:24,2024-07-15,OrangeX,TONCOIN,orangex,437086260.32689685,8696613.966177462,9765159.146790843,18461773.112968307,15,15,7,July,2024
15:13:27,2024-07-15,OrangeX,USDC,orangex,3296184393.267399,65583491.9362288,73641676.93889791,139225168.87512672,15,15,7,July,2024
15:13:30,2024-07-15,OrangeX,XRP,orangex,6166563507.985966,122694825.2428765,137770228.69407776,260465053.9369543,15,15,7,July,2024
15:13:41,2024-07-15,OrangeX,BTC,orangex,51766.40575226247,1021.4683856014015,1169.208917095702,2190.6773026971036,15,15,7,July,2024
15:13:44,2024-07-15,OrangeX,ETH,orangex,969900.5581128526,19001.10591461588,21737.78363379106,40738.88954840694,15,15,7,July,2024
15:13:46,2024-07-15,OrangeX,BNB,orangex,5692298.217176274,111516.54715262119,127577.97280243953,239094.51995506074,15,15,7,July,2024
15:13:49,2024-07-15,OrangeX,ADA,orangex,7520438072.4094305,147331228.0757906,168550945.02413875,315882173.09992933,15,15,7,July,2024
15:13:51,2024-07-15,OrangeX,DOGE,orangex,27164119256.640835,532166213.0775194,608812668.5402418,1140978881.6177614,15,15,7,July,2024
15:13:54,2024-07-15,OrangeX,SOL,orangex,21115092.888604708,413661.0841362646,473239.567479951,886900.6516162156,15,15,7,July,2024
15:13:56,2024-07-15,OrangeX,USDT,orangex,3290298926.577412,64459513.78385528,73743442.62219985,138202956.40605515,15,15,7,July,2024
15:13:59,2024-07-15,OrangeX,TONCOIN,orangex,437096948.05196774,8563069.002713606,9796384.59248988,18359453.595203485,15,15,7,July,2024
15:14:02,2024-07-15,OrangeX,USDC,orangex,3295857972.3631535,64568419.81228833,73868034.09035604,138436453.90264437,15,15,7,July,2024
15:14:04,2024-07-15,OrangeX,XRP,orangex,6165627924.753931,120789444.08106151,138186419.91044864,258975863.99151018,15,15,7,July,2024
15:14:15,2024-07-15,OrangeX,BTC,orangex,51811.61595952717,1015.8164442649212,1160.1843624357505,2176.000806700672,15,15,7,July,2024
15:14:18,2024-07-15,OrangeX,ETH,orangex,969813.3198188037,19014.120673415233,21716.40909665126,40730.529770066496,15,15,7,July,2024
15:14:21,2024-07-15,OrangeX,BNB,orangex,5691786.227432381,111592.93027229441,127452.52687259528,239045.45714488972,15,15,7,July,2024
15:14:24,2024-07-15,OrangeX,ADA,orangex,7519809513.7215605,147433080.7930252,168386282.58825994,315819363.38128513,15,15,7,July,2024
15:14:26,2024-07-15,OrangeX,DOGE,orangex,27162598961.67414,532548815.2269874,608234697.46755,1140783512.6945374,15,15,7,July,2024
15:14:29,2024-07-15,OrangeX,SOL,orangex,21109673.777717244,413387.8688970291,472637.93452017626,886025.8034172053,15,15,7,July,2024
15:14:32,2024-07-15,OrangeX,USDT,orangex,3289464896.2632685,64417143.41949002,73649925.17731942,138067068.59680945,15,15,7,July,2024
15:14:34,2024-07-15,OrangeX,TONCOIN,orangex,436986380.64785045,8557444.82530679,9783966.46663774,18341411.29194453,15,15,7,July,2024
15:14:37,2024-07-15,OrangeX,USDC,orangex,3294964625.422041,64524843.867180295,73773062.11716008,138297905.98434037,15,15,7,July,2024
15:14:39,2024-07-15,OrangeX,XRP,orangex,6164835565.250918,120725135.93790245,138028430.8937247,258753566.83162716,15,15,7,July,2024
15:14:51,2024-07-15,OrangeX,BTC,orangex,51786.10163687455,1014.5387004820728,1160.1237569527432,2174.6624574348157,15,15,7,July,2024
15:14:53,2024-07-15,OrangeX,ETH,orangex,969355.3465945902,18990.58787115104,21715.71388785109,40706.301759002126,15,15,7,July,2024
15:14:56,2024-07-15,OrangeX,BNB,orangex,5688574.386932327,111444.55140845088,127436.70755038856,238881.2589588394,15,15,7,July,2024
15:14:59,2024-07-15,OrangeX,ADA,orangex,7514774258.645279,147221533.76676235,168347642.90084317,315569176.6676055,15,15,7,July,2024
15:15:01,2024-07-15,OrangeX,DOGE,orangex,27146903095.822052,531833502.0092909,608150955.8296591,1139984457.83895,15,15,7,July,2024
15:15:04,2024-07-15,OrangeX,SOL,orangex,21095723.195855275,413285.1657173752,472591.07899684366,885876.2447142188,15,15,7,July,2024
15:15:07,2024-07-15,OrangeX,USDT,orangex,3290060566.549287,64431212.905585594,73626321.70438266,138057534.60996827,15,15,7,July,2024
15:15:09,2024-07-15,OrangeX,TONCOIN,orangex,437036102.5017777,8558737.931457935,9780172.744045867,18338910.675503805,15,15,7,July,2024
15:15:12,2024-07-15,OrangeX,USDC,orangex,3295555083.488946,64538815.29879133,73749280.25290379,138288095.5516951,15,15,7,July,2024
15:15:14,2024-07-15,OrangeX,XRP,orangex,6165383736.21833,120740376.69451126,137971480.22411013,258711856.91862142,15,15,7,July,2024
15:15:24,2024-07-15,OrangeX,BTC,orangex,51805.10960188388,1015.0215578179593,1159.4415656896924,2174.4631235076517,15,15,7,July,2024
15:15:28,2024-07-15,OrangeX,ETH,orangex,969800.2244523781,19001.371528032887,21704.937974002296,40706.30950203518,15,15,7,July,2024
15:15:30,2024-07-15,OrangeX,BNB,orangex,5690639.242596796,111497.13905422497,127361.25304851592,238858.3921027409,15,15,7,July,2024
15:15:34,2024-07-15,OrangeX,ADA,orangex,7517445892.5416565,147289904.39936015,168246709.68979263,315536614.08915275,15,15,7,July,2024
15:15:36,2024-07-15,OrangeX,DOGE,orangex,27158924270.259567,532126924.0294472,607839379.5582751,1139966303.5877223,15,15,7,July,2024
15:15:38,2024-07-15,OrangeX,SOL,orangex,21102302.79159724,413459.06644495146,472287.13878558687,885746.2052305383,15,15,7,July,2024
15:15:41,2024-07-15,OrangeX,USDT,orangex,3289205115.7855015,64445652.68299312,73615154.1542575,138060806.83725065,15,15,7,July,2024
15:15:44,2024-07-15,OrangeX,TONCOIN,orangex,436957069.08750975,7892936.553387214,9419208.8032323,17312145.356619515,15,15,7,July,2024
15:15:47,2024-07-15,OrangeX,USDC,orangex,3294378852.5572944,59507729.94783107,71014853.5964651,130522583.54429618,15,15,7,July,2024
15:15:49,2024-07-15,OrangeX,XRP,orangex,6162332121.41876,111312757.92569306,132837518.99865519,244150276.92434824,15,15,7,July,2024
15:16:01,2024-07-15,OrangeX,BTC,orangex,51783.39295571574,930.7249311947894,1126.1864339283031,2056.9113651230923,15,15,7,July,2024
15:16:03,2024-07-15,OrangeX,ETH,orangex,969742.1831594731,17429.58842943416,21089.975545174657,38519.56397460881,15,15,7,July,2024
15:16:06,2024-07-15,OrangeX,BNB,orangex,5691254.534661309,102291.33671705474,123773.53593747175,226064.87265452647,15,15,7,July,2024
15:16:09,2024-07-15,OrangeX,ADA,orangex,7518293790.336802,135129489.80955228,163508028.14727765,298637517.9568299,15,15,7,July,2024
15:16:12,2024-07-15,OrangeX,DOGE,orangex,27146817387.881676,487921287.1798671,590389615.6960261,1078310902.875893,15,15,7,July,2024
15:16:14,2024-07-15,OrangeX,SOL,orangex,21104648.70824623,379322.82138543343,458984.3907751502,838307.2121605836,15,15,7,July,2024
15:16:17,2024-07-15,OrangeX,USDT,orangex,3289597196.4795775,59125328.59657049,71542236.30985467,130667564.90642516,15,15,7,July,2024
15:23:07,2024-07-15,OrangeX,BTC,orangex,52593.19111455016,1098.0546099339836,1089.5808425082855,2187.635452442269,15,15,7,July,2024
15:23:10,2024-07-15,OrangeX,ETH,orangex,980117.0720475975,20463.144495126875,20305.228918177032,40768.37341330391,15,15,7,July,2024
15:23:12,2024-07-15,OrangeX,BNB,orangex,5779182.615464498,120659.3092771189,119728.17259656606,240387.48187368497,15,15,7,July,2024
15:23:15,2024-07-15,OrangeX,ADA,orangex,7672017734.657224,160178423.52800342,158942314.96353698,319120738.49154043,15,15,7,July,2024
15:23:18,2024-07-15,OrangeX,DOGE,orangex,27511981055.38911,574402446.1358228,569969740.6098202,1144372186.7456431,15,15,7,July,2024
15:23:21,2024-07-15,OrangeX,SOL,orangex,21378447.501103893,446344.90386198286,442900.427719581,889245.3315815639,15,15,7,July,2024
15:23:24,2024-07-15,OrangeX,USDT,orangex,3350090378.4051957,69944076.51916774,69404312.98476183,139348389.5039296,15,15,7,July,2024
15:23:27,2024-07-15,OrangeX,TONCOIN,orangex,444150241.80601233,9273086.690179186,9201525.60458287,18474612.29476206,15,15,7,July,2024
15:23:29,2024-07-15,OrangeX,USDC,orangex,3355794961.4348316,70063178.31848238,69522495.6668138,139585673.9852962,15,15,7,July,2024
15:23:32,2024-07-15,OrangeX,XRP,orangex,6264851747.249596,130817637.94300288,129937591.1359115,260755229.07891437,15,15,7,July,2024
15:23:44,2024-07-15,OrangeX,BTC,orangex,52580.068917362514,1098.1958686500925,1089.9494831976808,2188.1453518477733,15,15,7,July,2024
15:23:46,2024-07-15,OrangeX,ETH,orangex,979759.0717654465,20463.40727655392,20309.746942464724,40773.15421901864,15,15,7,July,2024
15:23:49,2024-07-15,OrangeX,BNB,orangex,5777329.705551047,120666.24759349728,119760.16115012424,240426.4087436215,15,15,7,July,2024
15:23:52,2024-07-15,OrangeX,ADA,orangex,7670576271.932627,160208903.21085542,159005889.78993556,319214793.00079095,15,15,7,July,2024
15:23:54,2024-07-15,OrangeX,DOGE,orangex,27505693554.844017,574488387.867263,570174537.4699643,1144662925.337227,15,15,7,July,2024
15:23:57,2024-07-15,OrangeX,SOL,orangex,21371542.225098807,446369.5058135311,443017.70391350624,889387.2097270372,15,15,7,July,2024
15:23:59,2024-07-15,OrangeX,USDT,orangex,3349016641.4900966,69948106.10661556,69422863.69668885,139370969.80330437,15,15,7,July,2024
15:24:02,2024-07-15,OrangeX,TONCOIN,orangex,444015653.7935221,9273783.139736425,9204146.02621646,18477929.165952884,15,15,7,July,2024
15:24:05,2024-07-15,OrangeX,USDC,orangex,3354782901.207259,70068541.14463165,69542394.38442115,139610935.5290528,15,15,7,July,2024
15:24:07,2024-07-15,OrangeX,XRP,orangex,6262795403.461809,130805763.09422506,129823538.72727518,260629301.8215002,15,15,7,July,2024
15:24:18,2024-07-15,OrangeX,BTC,orangex,52552.481038507656,1100.3034599602256,1088.678012016029,2188.981471976255,15,15,7,July,2024
15:24:20,2024-07-15,OrangeX,ETH,orangex,980752.9308581181,20534.251130761906,20317.29292215792,40851.54405291983,15,15,7,July,2024
15:24:23,2024-07-15,OrangeX,BNB,orangex,5775942.313413174,120932.24118804911,119654.51052022268,240586.75170827183,15,15,7,July,2024
15:24:26,2024-07-15,OrangeX,ADA,orangex,7673009594.515291,160651577.97149232,158954185.72942105,319605763.70091337,15,15,7,July,2024
15:24:29,2024-07-15,OrangeX,DOGE,orangex,27506857717.80473,575917447.1202787,569832490.973823,1145749938.094102,15,15,7,July,2024
15:24:31,2024-07-15,OrangeX,SOL,orangex,21370305.076677106,447435.0240294787,442707.5713134315,890142.5953429103,15,15,7,July,2024
15:24:34,2024-07-15,OrangeX,USDT,orangex,3348647343.866765,70111404.5584907,69370630.29607156,139482034.85456228,15,15,7,July,2024
15:24:36,2024-07-15,OrangeX,TONCOIN,orangex,443978472.1099076,9295680.039395878,9197464.912081989,18493144.951477867,15,15,7,July,2024
15:24:39,2024-07-15,OrangeX,USDC,orangex,3354423735.7566957,70232346.21256635,69490294.12002589,139722640.33259225,15,15,7,July,2024
15:24:41,2024-07-15,OrangeX,XRP,orangex,6279070873.186074,131179215.46692999,129727135.11096156,260906350.57789156,15,15,7,July,2024
15:24:53,2024-07-15,OrangeX,BTC,orangex,52691.975773696235,1099.9595503691723,1089.7774139327216,2189.736964301894,15,15,7,July,2024
15:24:55,2024-07-15,OrangeX,ETH,orangex,983576.8517093294,20532.438491323388,20342.373238449756,40874.811729773144,15,15,7,July,2024
15:24:57,2024-07-15,OrangeX,BNB,orangex,5791742.901443426,120904.23302945858,119785.04333194907,240689.27636140765,15,15,7,July,2024
15:25:00,2024-07-15,OrangeX,ADA,orangex,7694792335.846747,160630915.687685,159143982.91920725,319774898.6068923,15,15,7,July,2024
15:25:03,2024-07-15,OrangeX,DOGE,orangex,27582331778.97844,575788795.4712806,570458817.5897299,1146247613.0610106,15,15,7,July,2024
15:25:05,2024-07-15,OrangeX,SOL,orangex,21429053.29160644,447337.4072118038,443196.48174610833,890533.8889579121,15,15,7,July,2024
15:25:08,2024-07-15,OrangeX,USDT,orangex,3357975008.8797545,70098655.94681592,69449764.7411141,139548420.68793002,15,15,7,July,2024
15:25:10,2024-07-15,OrangeX,TONCOIN,orangex,445198955.05941296,9293651.172527019,9207621.44152492,18501272.614051938,15,15,7,July,2024
15:25:13,2024-07-15,OrangeX,USDC,orangex,3363634941.126304,70216808.59601194,69566823.67155106,139783632.267563,15,15,7,July,2024
15:25:15,2024-07-15,OrangeX,XRP,orangex,6277448736.67046,131043476.51546034,129830429.58428964,260873906.09974998,15,15,7,July,2024
15:25:26,2024-07-15,OrangeX,BTC,orangex,52687.531723669556,1069.6680971162352,1135.0637198473148,2204.73181696355,15,15,7,July,2024
15:25:28,2024-07-15,OrangeX,ETH,orangex,983520.4561360802,19967.541093168154,21188.284039243194,41155.825132411344,15,15,7,July,2024
15:25:31,2024-07-15,OrangeX,BNB,orangex,5791762.103937439,117584.9948933079,124773.71444623209,242358.70933954,15,15,7,July,2024
15:25:34,2024-07-15,OrangeX,ADA,orangex,7695527336.648152,155761044.649816,165217935.3980844,320978980.04790044,15,15,7,July,2024
15:25:36,2024-07-15,OrangeX,DOGE,orangex,27577206498.707043,558175457.6201952,592064574.9726521,1150240032.5928473,15,15,7,July,2024
15:25:39,2024-07-15,OrangeX,SOL,orangex,21420008.338347398,433550.90940940724,459873.5601935937,893424.469603001,15,15,7,July,2024
15:25:41,2024-07-15,OrangeX,USDT,orangex,3358370450.6628613,67974976.48084016,72102015.61081417,140076992.09165433,15,15,7,July,2024
15:25:44,2024-07-15,OrangeX,TONCOIN,orangex,445196986.89786756,9010993.62274058,9558087.939006785,18569081.56174737,15,15,7,July,2024
15:25:46,2024-07-15,OrangeX,USDC,orangex,3363995613.497346,68088832.3871472,72222784.17534979,140311616.562497,15,15,7,July,2024
15:25:49,2024-07-15,OrangeX,XRP,orangex,6289037492.135108,127106049.83617498,134807832.66205406,261913882.49822903,15,15,7,July,2024
15:26:00,2024-07-15,OrangeX,BTC,orangex,52780.29003115705,1067.4452116196542,1131.4500857804433,2198.895297400097,15,15,7,July,2024
15:26:03,2024-07-15,OrangeX,ETH,orangex,985001.163343134,19920.973807262875,21115.451432732378,41036.425239995246,15,15,7,July,2024
15:26:05,2024-07-15,OrangeX,BNB,orangex,5803000.904403411,117361.71826212585,124398.82136296199,241760.5396250878,15,15,7,July,2024
15:26:08,2024-07-15,OrangeX,ADA,orangex,7710949495.23302,155948671.57547975,165299479.45871127,321248151.03419095,15,15,7,July,2024
15:26:10,2024-07-15,OrangeX,DOGE,orangex,27630700859.231983,558811997.9725636,592318815.2034954,1151130813.1760588,15,15,7,July,2024
15:26:13,2024-07-15,OrangeX,SOL,orangex,21460210.387076452,434018.0549313466,460042.12688089546,894060.181812242,15,15,7,July,2024
15:26:15,2024-07-15,OrangeX,USDT,orangex,3364802882.6366596,68050833.42653573,72131216.17835249,140182049.6048882,15,15,7,July,2024
15:26:18,2024-07-15,OrangeX,TONCOIN,orangex,445996894.2310357,9019981.679962737,9560827.042398393,18580808.72236113,15,15,7,July,2024
15:26:20,2024-07-15,OrangeX,USDC,orangex,3370489101.495126,68165833.30791393,72253111.54519075,140418944.85310468,15,15,7,July,2024
15:26:23,2024-07-15,OrangeX,XRP,orangex,6284596763.03338,127101664.61192706,134722782.73635954,261824447.34828657,15,15,7,July,2024
15:26:34,2024-07-15,OrangeX,BTC,orangex,52764.5991862604,1068.5705143648443,1129.3275011143517,2197.8980154791957,15,15,7,July,2024
15:26:36,2024-07-15,OrangeX,ETH,orangex,984833.23669761,19944.503976741835,21078.512399724263,41023.01637646609,15,15,7,July,2024
15:26:39,2024-07-15,OrangeX,BNB,orangex,5801376.072513568,117487.47284038793,124167.59804938218,241655.07088977008,15,15,7,July,2024
15:26:42,2024-07-15,OrangeX,ADA,orangex,7706600947.218339,156071431.70184556,164945371.02584237,321016802.7276879,15,15,7,July,2024
15:26:44,2024-07-15,OrangeX,DOGE,orangex,27634666765.60357,559647766.4083424,591468326.1851336,1151116092.5934758,15,15,7,July,2024
15:26:47,2024-07-15,OrangeX,SOL,orangex,21462970.942640856,434660.7053531359,459374.7268993595,894035.4322524953,15,15,7,July,2024
15:26:50,2024-07-15,OrangeX,USDT,orangex,3363771115.2334275,68121935.65845484,71995225.70952056,140117161.36797538,15,15,7,July,2024
15:26:52,2024-07-15,OrangeX,TONCOIN,orangex,446046125.8813472,9033172.72402572,9546782.587035898,18579955.311061617,15,15,7,July,2024
15:26:55,2024-07-15,OrangeX,USDC,orangex,3369481899.721367,68237588.50168335,72117454.3642366,140355042.86591995,15,15,7,July,2024
15:26:58,2024-07-15,OrangeX,XRP,orangex,6280482689.904825,127191629.36281024,134450938.5518979,261642567.91470817,15,15,7,July,2024
15:27:09,2024-07-15,OrangeX,BTC,orangex,52861.945367355926,1070.1518651692868,1132.4672027340891,2202.619067903376,15,15,7,July,2024
15:27:11,2024-07-15,OrangeX,ETH,orangex,986851.9548765436,19978.10433986141,21141.43671946378,41119.541059325195,15,15,7,July,2024
15:27:14,2024-07-15,OrangeX,BNB,orangex,5811853.694442105,117656.77611704063,124507.97355840559,242164.74967544625,15,15,7,July,2024
15:27:16,2024-07-15,OrangeX,ADA,orangex,7717999660.937784,156245323.0794071,165343545.83405757,321588868.91346467,15,15,7,July,2024
15:27:19,2024-07-15,OrangeX,DOGE,orangex,27688667869.718246,560537062.3217757,593177342.0736952,1153714404.395471,15,15,7,July,2024
15:27:21,2024-07-15,OrangeX,SOL,orangex,21501584.788035713,435284.03854810516,460630.7885576514,895914.8271057566,15,15,7,July,2024
15:27:24,2024-07-15,OrangeX,USDT,orangex,3370032892.2518525,68223879.39495453,72196581.03931828,140420460.43427283,15,15,7,July,2024
15:27:26,2024-07-15,OrangeX,TONCOIN,orangex,446900852.4942223,9047184.652757281,9574005.549862837,18621190.20262012,15,15,7,July,2024
15:27:29,2024-07-15,OrangeX,USDC,orangex,3375835755.8533363,68341354.17313941,72320896.41713785,140662250.59027725,15,15,7,July,2024
15:27:31,2024-07-15,OrangeX,XRP,orangex,6292307078.540359,127312112.29862422,134784586.2573687,262096698.55599293,15,15,7,July,2024
15:27:42,2024-07-15,OrangeX,BTC,orangex,52848.27309372875,1072.1541533776588,1136.3878490579177,2208.5420024355763,15,15,7,July,2024
15:27:45,2024-07-15,OrangeX,ETH,orangex,986572.5613716106,20014.994007600344,21214.109853093458,41229.1038606938,15,15,7,July,2024
15:27:47,2024-07-15,OrangeX,BNB,orangex,5810463.578518757,117879.209557327,124941.45638991256,242820.66594723955,15,15,7,July,2024
15:27:50,2024-07-15,OrangeX,ADA,orangex,7715311629.337638,156523627.42916,165901095.23020428,322424722.6593642,15,15,7,July,2024
15:27:52,2024-07-15,OrangeX,DOGE,orangex,27676464373.555492,561483554.5579544,595122526.7704154,1156606081.3283699,15,15,7,July,2024
15:27:55,2024-07-15,OrangeX,SOL,orangex,21496261.120050576,436103.2876339685,462230.6180880749,898333.9057220434,15,15,7,July,2024
15:27:58,2024-07-15,OrangeX,USDT,orangex,3369173536.901077,68351777.44847138,72446792.38452171,140798569.8329931,15,15,7,July,2024
15:28:00,2024-07-15,OrangeX,TONCOIN,orangex,446715847.2266578,9062703.90584466,9605658.445445525,18668362.351290185,15,15,7,July,2024
15:28:03,2024-07-15,OrangeX,USDC,orangex,3374958737.607258,68469144.1399857,72571190.61746313,141040334.7574488,15,15,7,July,2024
15:28:05,2024-07-15,OrangeX,XRP,orangex,6291203863.739678,127632180.90951174,135278736.80981943,262910917.71933115,15,15,7,July,2024
15:28:16,2024-07-15,OrangeX,BTC,orangex,52954.2282026695,1079.2234461652938,1137.774944041411,2216.9983902067047,15,15,7,July,2024
15:28:19,2024-07-15,OrangeX,ETH,orangex,988124.9603380761,20138.290390270355,21230.860303576286,41369.15069384664,15,15,7,July,2024
15:28:21,2024-07-15,OrangeX,BNB,orangex,5820888.578893138,118631.49827836722,125067.65563221935,243699.15391058658,15,15,7,July,2024
15:28:24,2024-07-15,OrangeX,ADA,orangex,7726550982.584476,157469483.76780024,166012732.32040024,323482216.0882005,15,15,7,July,2024
15:28:27,2024-07-15,OrangeX,DOGE,orangex,27705812180.76069,564652967.5796801,595287288.1640396,1159940255.7437196,15,15,7,July,2024
15:28:29,2024-07-15,OrangeX,SOL,orangex,21533406.5192436,438857.44311924,462666.9338600284,901524.3769792684,15,15,7,July,2024
15:28:32,2024-07-15,OrangeX,USDT,orangex,3374985012.1595564,68783231.8439009,72514953.26593883,141298185.10983974,15,15,7,July,2024
15:28:35,2024-07-15,OrangeX,TONCOIN,orangex,447338965.49256444,9116905.605633305,9611528.365268236,18728433.97090154,15,15,7,July,2024
15:33:09,2024-07-15,OrangeX,BTC,orangex,53726.15176299187,1010.0390426744494,1159.3499271927776,2169.3889698672274,15,15,7,July,2024
15:33:11,2024-07-15,OrangeX,ETH,orangex,1005524.5679456574,18903.62586313243,21698.08922442409,40601.71508755652,15,15,7,July,2024
15:33:18,2024-07-15,OrangeX,BNB,orangex,5876062.67053995,110468.59899121746,126798.8233983897,237267.42238960718,15,15,7,July,2024
15:33:25,2024-07-15,OrangeX,ADA,orangex,7806071978.3059025,147281428.03592202,167619029.3142342,314900457.35015625,15,15,7,July,2024
15:33:33,2024-07-15,OrangeX,DOGE,orangex,28120241253.381264,530559966.65450406,603823223.2643065,1134383189.9188106,15,15,7,July,2024
15:33:40,2024-07-15,OrangeX,SOL,orangex,21865763.025146298,412553.3062452641,469521.41661977227,882074.7228650363,15,15,7,July,2024
15:33:47,2024-07-15,OrangeX,USDT,orangex,3402918072.6773224,64204715.84505329,73070530.96144086,137275246.80649418,15,15,7,July,2024
15:33:55,2024-07-15,OrangeX,TONCOIN,orangex,451837083.2001318,8525057.293635588,9702254.027974967,18227311.321610555,15,15,7,July,2024
15:34:02,2024-07-15,OrangeX,USDC,orangex,3408887335.071085,64317341.18236992,73198708.35603128,137516049.5384012,15,15,7,July,2024
15:34:09,2024-07-15,OrangeX,XRP,orangex,6382913389.994202,120429916.82892144,137059682.4627088,257489599.29163024,15,15,7,July,2024
15:34:24,2024-07-15,OrangeX,BTC,orangex,53712.502540055575,1017.0833770395734,1148.3123069221056,2165.395683961679,15,15,7,July,2024
15:34:26,2024-07-15,OrangeX,ETH,orangex,1004756.9232540888,19025.767117163683,21480.561989779635,40506.32910694332,15,15,7,July,2024
15:34:34,2024-07-15,OrangeX,BNB,orangex,5880305.667918016,111347.65397108256,125714.25734443325,237061.91131551578,15,15,7,July,2024
15:34:41,2024-07-15,OrangeX,ADA,orangex,7805792639.906917,147808081.23297992,166878982.1699831,314687063.402963,15,15,7,July,2024
15:34:48,2024-07-15,OrangeX,DOGE,orangex,28117222410.7283,532419049.0128432,601114284.4559768,1133533333.4688199,15,15,7,July,2024
15:34:55,2024-07-15,OrangeX,SOL,orangex,21878220.639065623,414279.23628402094,467731.51175857085,882010.7480425917,15,15,7,July,2024
15:35:02,2024-07-15,OrangeX,USDT,orangex,3403489401.9243045,64450296.42624345,72767173.40616378,137217469.83240724,15,15,7,July,2024
15:35:09,2024-07-15,OrangeX,TONCOIN,orangex,451695976.9326965,8553556.709004078,9657335.633759996,18210892.342764076,15,15,7,July,2024
15:35:17,2024-07-15,OrangeX,USDC,orangex,3409459966.396162,64563358.229763575,72894825.0744812,137458183.30424482,15,15,7,July,2024
15:35:24,2024-07-15,OrangeX,XRP,orangex,6381168661.349202,120837224.15509315,136430454.653933,257267678.80902618,15,15,7,July,2024
15:45:32,2024-07-15,OrangeX,SOL,orangex,21981154.235326875,415393.76422673493,465798.6372482643,881192.4014749991,15,15,7,July,2024
15:45:34,2024-07-15,OrangeX,USDT,orangex,3423283029.492849,64692254.48357759,72542167.39402112,137234421.8775987,15,15,7,July,2024
15:45:42,2024-07-15,OrangeX,TONCOIN,orangex,454025155.3052842,8580041.625511361,9621164.400809638,18201206.026320998,15,15,7,July,2024
15:45:50,2024-07-15,OrangeX,USDC,orangex,3429191718.2004237,64803915.2461384,72667377.34061663,137471292.586755,15,15,7,July,2024
15:45:57,2024-07-15,OrangeX,XRP,orangex,6402690814.470329,120996277.54434974,135678255.29876724,256674532.84311697,15,15,7,July,2024
22:24:38,2024-07-15,OrangeX,BTC,orangex,58308.14070686137,1131.4847516224945,1197.7218909279256,2329.2066425504204,22,15,7,July,2024
22:24:42,2024-07-15,OrangeX,ETH,orangex,1086958.6384230885,21092.71724514701,22327.485321776825,43420.202566923836,22,15,7,July,2024
22:24:53,2024-07-15,OrangeX,BNB,orangex,6494893.727945134,126035.11495117395,133413.21302490053,259448.3279760745,22,15,7,July,2024
22:25:04,2024-07-15,OrangeX,ADA,orangex,8425592539.593466,163500831.3824079,173072173.22267655,336573004.6050845,22,15,7,July,2024
22:25:13,2024-07-15,OrangeX,DOGE,orangex,30081810056.52198,583835402.5576512,617903940.1916344,1201739342.7492855,22,15,7,July,2024
22:25:23,2024-07-15,OrangeX,SOL,orangex,23951261.585465845,464852.16226150276,491977.67283326125,956829.8350947639,22,15,7,July,2024
22:25:33,2024-07-15,OrangeX,USDT,orangex,3766540877.959598,73101981.08430053,77367699.78306219,150469680.8673627,22,15,7,July,2024
22:25:42,2024-07-15,OrangeX,TONCOIN,orangex,495555473.94375914,9617866.380911967,10179097.579501992,19796963.96041396,22,15,7,July,2024
22:25:53,2024-07-15,OrangeX,USDC,orangex,3769701198.0640717,73163317.37879011,77432615.23333436,150595932.61212444,22,15,7,July,2024
22:26:02,2024-07-15,OrangeX,XRP,orangex,6736605511.760282,130745749.12349515,138375153.66968018,269120902.7931753,22,15,7,July,2024
22:26:22,2024-07-15,OrangeX,BTC,orangex,58299.7525913662,1155.9678768515225,1180.561975643248,2336.5298524947702,22,15,7,July,2024
22:26:27,2024-07-15,OrangeX,ETH,orangex,1086858.7106648188,21550.241645293947,22008.7394830137,43558.98112830764,22,15,7,July,2024
22:26:36,2024-07-15,OrangeX,BNB,orangex,6494784.681167433,128778.6332665974,131518.49697063776,260297.13023723516,22,15,7,July,2024
22:26:46,2024-07-15,OrangeX,ADA,orangex,8423635835.045105,167023906.59972614,170577467.6819613,337601374.28168744,22,15,7,July,2024
22:26:55,2024-07-15,OrangeX,DOGE,orangex,30079291371.733883,596412386.6510342,609101515.347115,1205513901.9981494,22,15,7,July,2024
22:27:04,2024-07-15,OrangeX,SOL,orangex,23943514.91435971,474801.810359597,484903.58123430324,959705.3915939003,22,15,7,July,2024
22:34:13,2024-07-15,OrangeX,BTC,orangex,57331.85646213726,1068.5867121760302,1129.016213059483,2197.602925235514,22,15,7,July,2024
22:34:17,2024-07-15,OrangeX,ETH,orangex,1069931.2268122837,19942.0420419992,21069.781731687883,41011.82377368709,22,15,7,July,2024
22:34:27,2024-07-15,OrangeX,BNB,orangex,6386543.379826404,119036.35803116426,125767.96681952274,244804.32485068703,22,15,7,July,2024
22:34:36,2024-07-15,OrangeX,ADA,orangex,8248509090.199576,153740830.19396928,162435006.83697698,316175837.0309463,22,15,7,July,2024
22:34:48,2024-07-15,OrangeX,DOGE,orangex,29552485470.771317,550817559.9842452,581966768.4185404,1132784328.4027855,22,15,7,July,2024
22:34:57,2024-07-15,OrangeX,SOL,orangex,23595084.867141284,439779.83127659897,464649.7603144926,904429.5915910917,22,15,7,July,2024
22:35:07,2024-07-15,OrangeX,USDT,orangex,3704091051.2939854,69039147.20983973,72943370.5730651,141982517.78290483,22,15,7,July,2024
22:35:16,2024-07-15,OrangeX,TONCOIN,orangex,486920694.2375494,9075530.008162173,9588759.063321615,18664289.07148379,22,15,7,July,2024
22:35:25,2024-07-15,OrangeX,USDC,orangex,3706549769.1845684,69083923.65155931,72990128.4603759,142074052.1119352,22,15,7,July,2024
22:35:36,2024-07-15,OrangeX,XRP,orangex,6648123185.140795,123909960.24571608,130916187.7005049,254826147.94622096,22,15,7,July,2024
22:35:54,2024-07-15,OrangeX,BTC,orangex,57310.81454616171,1068.7569564763935,1128.9122003167226,2197.6691567931157,22,15,7,July,2024
22:35:58,2024-07-15,OrangeX,ETH,orangex,1069568.4525679718,19945.776956092293,21068.429837187297,41014.20679327959,22,15,7,July,2024
22:36:07,2024-07-15,OrangeX,BNB,orangex,6383408.786908124,119040.57900879206,125740.80679563784,244781.38580442988,22,15,7,July,2024
22:36:17,2024-07-15,OrangeX,ADA,orangex,8249368753.031447,153837810.73709804,162496609.1296369,316334419.8667349,22,15,7,July,2024
22:36:26,2024-07-15,OrangeX,DOGE,orangex,29538146449.137104,550840181.7165943,581844354.5993229,1132684536.3159173,22,15,7,July,2024
22:36:36,2024-07-15,OrangeX,SOL,orangex,23589501.581937335,439907.26907570893,464667.55613445054,904574.8252101594,22,15,7,July,2024
22:36:45,2024-07-15,OrangeX,USDT,orangex,3702227881.667357,69040753.20384446,72926728.69970451,141967481.90354896,22,15,7,July,2024
22:36:54,2024-07-15,OrangeX,TONCOIN,orangex,486736008.74368316,9076864.452752847,9587757.964277815,18664622.41703066,22,15,7,July,2024
22:37:03,2024-07-15,OrangeX,USDC,orangex,3705369461.214532,69099338.74344908,72988611.74057832,142087950.4840274,22,15,7,July,2024
22:37:12,2024-07-15,OrangeX,XRP,orangex,6644751835.431701,123914217.664047,130888759.38159512,254802977.0456421,22,15,7,July,2024
22:37:30,2024-07-15,OrangeX,BTC,orangex,57180.0935426553,1101.642052186389,1118.743853223781,2220.38590541017,22,15,7,July,2024
22:37:35,2024-07-15,OrangeX,ETH,orangex,1067147.5693542862,20559.858605551002,20879.028167507364,41438.88677305837,22,15,7,July,2024
22:37:44,2024-07-15,OrangeX,BNB,orangex,6369256.552677707,122711.25185129663,124616.21127985617,247327.46313115285,22,15,7,July,2024
22:37:53,2024-07-15,OrangeX,ADA,orangex,8233417929.467475,158626523.0147009,161089028.1727662,319715551.1874671,22,15,7,July,2024
22:38:02,2024-07-15,OrangeX,DOGE,orangex,29471762804.171432,567808327.087081,576622937.0758203,1144431264.1629014,22,15,7,July,2024
22:38:18,2024-07-15,OrangeX,SOL,orangex,23538775.948576756,453502.32634022256,460542.4593304913,914044.785670714,22,15,7,July,2024
22:38:31,2024-07-15,OrangeX,USDT,orangex,3693808520.7210712,71165584.8571696,72270353.57085611,143435938.42802572,22,15,7,July,2024
22:38:40,2024-07-15,OrangeX,TONCOIN,orangex,485600083.5464016,9357269.487033483,9499206.65364753,18856476.140681013,22,15,7,July,2024
22:38:50,2024-07-15,OrangeX,USDC,orangex,3696574113.6362085,71231124.81256543,72311604.97236389,143542729.78492934,22,15,7,July,2024
22:39:00,2024-07-15,OrangeX,XRP,orangex,6629051023.124964,127738480.63135278,129676101.21965814,257414581.85101092,22,15,7,July,2024
22:39:17,2024-07-15,OrangeX,BTC,orangex,57159.97861749109,1102.115739758063,1119.3577278829168,2221.47346764098,22,15,7,July,2024
22:39:22,2024-07-15,OrangeX,ETH,orangex,1066808.274668426,20569.395217660807,20891.19197210711,41460.58718976792,22,15,7,July,2024
22:39:31,2024-07-15,OrangeX,BNB,orangex,6364484.295888979,122715.20192269342,124635.01304412298,247350.2149668164,22,15,7,July,2024
22:39:40,2024-07-15,OrangeX,ADA,orangex,8230720724.100996,158698569.8558113,161181320.76678714,319879890.6225984,22,15,7,July,2024
22:39:49,2024-07-15,OrangeX,DOGE,orangex,29456834029.973747,567964530.6574816,576850020.0300261,1144814550.6875076,22,15,7,July,2024
22:39:59,2024-07-15,OrangeX,SOL,orangex,23520872.179425485,453517.4011304862,461049.61989769345,914567.0210281797,22,15,7,July,2024
22:40:08,2024-07-15,OrangeX,USDT,orangex,3690720422.5575604,71162579.41326046,72344479.19228396,143507058.60554442,22,15,7,July,2024
22:40:17,2024-07-15,OrangeX,TONCOIN,orangex,485401658.767461,9359265.979142064,9514708.832447477,18873974.811589543,22,15,7,July,2024
22:40:27,2024-07-15,OrangeX,USDC,orangex,3693704643.297585,71220119.62792985,72402975.06043814,143623094.688368,22,15,7,July,2024
22:40:36,2024-07-15,OrangeX,XRP,orangex,6615281723.748921,127552471.36307062,129670919.55537748,257223390.91844812,22,15,7,July,2024
12:45:50,2024-07-19,OrangeX,BTC,orangex,44863.81032228236,1190.8227977006836,1200.297520238829,2391.120317939513,12,19,7,July,2024
12:45:56,2024-07-19,OrangeX,ETH,orangex,853542.923604265,22655.64081478007,22835.899297451375,45491.54011223145,12,19,7,July,2024
12:46:05,2024-07-19,OrangeX,BNB,orangex,4957883.330478603,131597.3934416759,132644.4415768061,264241.83501848206,12,19,7,July,2024
12:46:14,2024-07-19,OrangeX,ADA,orangex,6819250483.938796,181024741.133556,182584814.94040722,363609556.0739633,12,19,7,July,2024
12:46:27,2024-07-19,OrangeX,DOGE,orangex,23873035577.847023,633736815.4653516,639198368.4003471,1272935183.8656988,12,19,7,July,2024
12:46:36,2024-07-19,OrangeX,SOL,orangex,17497243.22988214,464484.17369334865,468487.10494207393,932971.2786354227,12,19,7,July,2024
12:46:46,2024-07-19,OrangeX,USDT,orangex,2977139463.2861786,79031544.87860742,79712639.8621331,158744184.74074054,12,19,7,July,2024
12:46:55,2024-07-19,OrangeX,TONCOIN,orangex,408624483.72487926,10847400.5407708,10940883.593695564,21788284.13446637,12,19,7,July,2024
12:47:05,2024-07-19,OrangeX,USDC,orangex,2975673619.584111,78992632.39440788,79673392.02958848,158666024.4239964,12,19,7,July,2024
12:47:14,2024-07-19,OrangeX,XRP,orangex,5132198094.698356,136240021.352358,137414139.80393392,273654161.15629196,12,19,7,July,2024
12:47:32,2024-07-19,OrangeX,BTC,orangex,44893.527363485795,1189.5430978725562,1201.342080560595,2390.885178433151,12,19,7,July,2024
12:47:36,2024-07-19,OrangeX,ETH,orangex,853893.8867931761,22625.613067253627,22850.034710625972,45475.647777879596,12,19,7,July,2024
12:47:45,2024-07-19,OrangeX,BNB,orangex,4956917.972634306,131343.3785972332,132646.16304701808,263989.5416442513,12,19,7,July,2024
12:47:54,2024-07-19,OrangeX,ADA,orangex,6819148173.785033,180686863.33820742,182479081.8600049,363165945.1982123,12,19,7,July,2024
12:48:04,2024-07-19,OrangeX,DOGE,orangex,23880100665.433193,632750656.7499591,639026859.8217016,1271777516.5716608,12,19,7,July,2024
12:48:14,2024-07-19,OrangeX,SOL,orangex,17500647.173783258,463714.3765809077,468313.92233192595,932028.2989128336,12,19,7,July,2024
12:48:23,2024-07-19,OrangeX,USDT,orangex,2976617643.5295186,78871391.50812504,79653710.52174483,158525102.02986985,12,19,7,July,2024
12:48:32,2024-07-19,OrangeX,TONCOIN,orangex,408606477.8529146,10826839.5027316,10934230.056371374,21761069.559102975,12,19,7,July,2024
12:48:42,2024-07-19,OrangeX,USDC,orangex,2974889589.079699,78825603.27618487,79607468.12000036,158433071.39618525,12,19,7,July,2024
12:48:51,2024-07-19,OrangeX,XRP,orangex,5138172182.238686,136146068.576337,137496490.52325904,273642559.0995961,12,19,7,July,2024
12:55:58,2024-07-19,OrangeX,BTC,orangex,45137.61786391469,900.2585281301973,1117.0239861992632,2017.2825143294606,12,19,7,July,2024
12:56:02,2024-07-19,OrangeX,ETH,orangex,857424.3085872637,17101.113939132378,21218.743131944884,38319.85707107726,12,19,7,July,2024
12:56:11,2024-07-19,OrangeX,BNB,orangex,4985308.802945382,99430.74042465398,123371.80770791712,222802.5481325711,12,19,7,July,2024
12:56:20,2024-07-19,OrangeX,ADA,orangex,6864206888.289633,136904894.02129135,169869038.36109403,306773932.3823854,12,19,7,July,2024
12:56:47,2024-07-19,OrangeX,DOGE,orangex,24065941458.456127,479989198.82694495,595561643.0758479,1075550841.902793,12,19,7,July,2024
12:56:51,2024-07-19,OrangeX,SOL,orangex,17668555.076230913,351835.4220143586,436760.6986054722,788596.1206198309,12,19,7,July,2024
12:56:57,2024-07-19,OrangeX,USDT,orangex,2995076726.401209,59641214.54483678,74037282.49175176,133678497.03658853,12,19,7,July,2024
12:57:02,2024-07-19,OrangeX,TONCOIN,orangex,411283318.9330288,8189919.292208287,10166784.376364883,18356703.66857317,12,19,7,July,2024
12:57:06,2024-07-19,OrangeX,USDC,orangex,2993626048.6367984,59612327.076606005,74001422.22864015,133613749.30524617,12,19,7,July,2024
12:57:15,2024-07-19,OrangeX,XRP,orangex,5186247755.613116,103274187.38512997,128202288.36538525,231476475.75051522,12,19,7,July,2024
13:05:14,2024-07-19,OrangeX,BTC,orangex,45241.12451118091,1139.6495453631485,1158.3805441096445,2298.030089472793,13,19,7,July,2024
13:05:19,2024-07-19,OrangeX,ETH,orangex,860435.1262218129,21674.84807259439,22031.090527768527,43705.93860036292,13,19,7,July,2024
13:05:29,2024-07-19,OrangeX,BNB,orangex,5017385.90517432,126399.20336420157,128480.988108016,254880.19147221756,13,19,7,July,2024
13:05:40,2024-07-19,OrangeX,ADA,orangex,6885188340.289215,173453335.59604076,176310098.12457603,349763433.7206168,13,19,7,July,2024
13:05:50,2024-07-19,OrangeX,DOGE,orangex,24152314434.77926,608450966.6297513,618472105.2601843,1226923071.8899357,13,19,7,July,2024
13:06:01,2024-07-19,OrangeX,SOL,orangex,17718720.693108816,446374.31175705756,453726.06087820494,900100.3726352624,13,19,7,July,2024
13:06:11,2024-07-19,OrangeX,USDT,orangex,2996863788.8085356,75497719.85961303,76741161.25175261,152238881.11136565,13,19,7,July,2024
13:06:20,2024-07-19,OrangeX,TONCOIN,orangex,411940999.6769535,10377717.635496628,10548637.812793482,20926355.44829011,13,19,7,July,2024
13:06:29,2024-07-19,OrangeX,USDC,orangex,2995419407.0423527,75461332.64363049,76704174.74124064,152165507.38487113,13,19,7,July,2024
13:06:39,2024-07-19,OrangeX,XRP,orangex,5197576895.251818,130938618.51576768,133095167.06312555,264033785.57889324,13,19,7,July,2024
13:06:59,2024-07-19,OrangeX,BTC,orangex,45223.63330513386,1141.9614539055183,1158.6383852004785,2300.599839105997,13,19,7,July,2024
13:07:04,2024-07-19,OrangeX,ETH,orangex,860252.7987991238,21722.614152087997,22039.84600130878,43762.46015339678,13,19,7,July,2024
13:07:14,2024-07-19,OrangeX,BNB,orangex,5016580.966149467,126675.84789319569,128525.79160611231,255201.63949930802,13,19,7,July,2024
13:07:25,2024-07-19,OrangeX,ADA,orangex,6884450350.422394,173842222.68174616,176380972.82424134,350223195.5059875,13,19,7,July,2024
13:07:34,2024-07-19,OrangeX,DOGE,orangex,24147284868.112556,609753496.5800757,618658190.4596723,1228411687.0397482,13,19,7,July,2024
13:07:44,2024-07-19,OrangeX,SOL,orangex,17714544.13202135,447317.5880359906,453850.10685016826,901167.6948861589,13,19,7,July,2024
13:07:54,2024-07-19,OrangeX,USDT,orangex,2996292763.7413783,75660679.84237474,76765610.27163392,152426290.11400867,13,19,7,July,2024
13:08:03,2024-07-19,OrangeX,TONCOIN,orangex,411870946.34050167,10400330.76358434,10552214.70064366,20952545.464228,13,19,7,July,2024
13:08:13,2024-07-19,OrangeX,USDC,orangex,2994875756.9297943,75624898.3927103,76729306.27825695,152354204.67096725,13,19,7,July,2024
13:08:23,2024-07-19,OrangeX,XRP,orangex,5195723701.020836,131199458.29375799,133115463.72845808,264314922.02221608,13,19,7,July,2024
13:08:42,2024-07-19,OrangeX,BTC,orangex,45272.80021868459,1142.3509139702674,1158.0556762746548,2300.406590244922,13,19,7,July,2024
13:08:46,2024-07-19,OrangeX,ETH,orangex,861205.6835022888,21730.467188093295,22029.212361558595,43759.67954965189,13,19,7,July,2024
13:08:56,2024-07-19,OrangeX,BNB,orangex,5022327.360512392,126726.42785129468,128468.63193477692,255195.0597860716,13,19,7,July,2024
13:09:05,2024-07-19,OrangeX,ADA,orangex,6891881582.120694,173900160.49992803,176290897.5772542,350191058.07718223,13,19,7,July,2024
13:09:14,2024-07-19,OrangeX,DOGE,orangex,24175584654.68582,610013100.418915,618399412.0395234,1228412512.4584384,13,19,7,July,2024
13:09:24,2024-07-19,OrangeX,SOL,orangex,17731125.93927819,447402.586643996,453553.36850242846,900955.9551464245,13,19,7,July,2024
13:09:33,2024-07-19,OrangeX,USDT,orangex,2999849679.422688,75745608.98946086,76684469.28825907,152430078.27771994,13,19,7,July,2024
13:09:43,2024-07-19,OrangeX,TONCOIN,orangex,412465078.52366036,10414661.36585649,10543750.196381185,20958411.562237676,13,19,7,July,2024
13:09:53,2024-07-19,OrangeX,USDC,orangex,2998290916.0709443,75706250.52421568,76644622.9782275,152350873.5024432,13,19,7,July,2024
13:10:02,2024-07-19,OrangeX,XRP,orangex,5202883578.353283,131371777.67503242,133000119.54312404,264371897.21815646,13,19,7,July,2024
13:10:22,2024-07-19,OrangeX,BTC,orangex,45257.57526172792,1140.7058089581644,1154.3848732735225,2295.090682231687,13,19,7,July,2024
13:10:26,2024-07-19,OrangeX,ETH,orangex,860799.8309857174,21696.243377536273,21956.41940735245,43652.66278488872,13,19,7,July,2024
13:10:35,2024-07-19,OrangeX,BNB,orangex,5021933.595329739,126576.57400481951,128094.44923875997,254671.0232435795,13,19,7,July,2024
13:10:45,2024-07-19,OrangeX,ADA,orangex,6888135931.832236,173613734.8254945,175695668.15664542,349309402.9821399,13,19,7,July,2024
13:10:54,2024-07-19,OrangeX,DOGE,orangex,24169583207.69771,609188269.7134546,616493506.0470742,1225681775.7605288,13,19,7,July,2024
13:11:04,2024-07-19,OrangeX,SOL,orangex,17713759.355009686,446470.8521809374,451824.8211481804,898295.6733291178,13,19,7,July,2024
13:11:13,2024-07-19,OrangeX,USDT,orangex,2999125638.2847996,75592207.88127163,76498691.10001867,152090898.9812903,13,19,7,July,2024
13:11:23,2024-07-19,OrangeX,TONCOIN,orangex,412433769.2803152,10395289.48928062,10519947.251504615,20915236.740785237,13,19,7,July,2024
13:11:33,2024-07-19,OrangeX,USDC,orangex,2997552359.9243836,75552553.79564165,76458561.49231853,152011115.28796017,13,19,7,July,2024
13:11:44,2024-07-19,OrangeX,XRP,orangex,5201634078.273354,131105879.50960898,132678069.06440008,263783948.57400906,13,19,7,July,2024
13:12:03,2024-07-19,OrangeX,BTC,orangex,45284.52083189531,1141.2442966705446,1155.4033214546691,2296.6476181252133,13,19,7,July,2024
13:12:07,2024-07-19,OrangeX,ETH,orangex,861373.5011317462,21708.02688006715,21977.350890277776,43685.37777034492,13,19,7,July,2024
13:12:17,2024-07-19,OrangeX,BNB,orangex,5025504.393008437,126650.96419379742,128222.27907018705,254873.24326398445,13,19,7,July,2024
13:12:27,2024-07-19,OrangeX,ADA,orangex,6890971547.043617,175578547.15091524,176742171.69684717,352320718.8477624,13,19,7,July,2024
13:12:37,2024-07-19,OrangeX,DOGE,orangex,24181614973.175854,616135590.7171851,620218951.1767323,1236354541.8939176,13,19,7,July,2024
13:12:47,2024-07-19,OrangeX,SOL,orangex,17717231.558089875,451426.2982032418,454418.0687230022,905844.366926244,13,19,7,July,2024
13:12:58,2024-07-19,OrangeX,USDT,orangex,3000996569.2907667,76463908.46977308,76970663.3223283,153434571.79210138,13,19,7,July,2024
13:13:09,2024-07-19,OrangeX,TONCOIN,orangex,412596459.3520852,10512753.738437723,10582425.68010648,21095179.418544203,13,19,7,July,2024
13:15:33,2024-07-19,OrangeX,USDT,orangex,3000996569.2907667,76463908.46977308,76970663.3223283,153434571.79210138,13,19,7,July,2024
13:15:38,2024-07-19,OrangeX,TONCOIN,orangex,412596459.3520852,10512753.738437723,10582425.68010648,21095179.418544203,13,19,7,July,2024
13:15:47,2024-07-19,OrangeX,USDC,orangex,2999410659.86914,76423500.28200722,76929987.33442453,153353487.61643174,13,19,7,July,2024
13:15:58,2024-07-19,OrangeX,XRP,orangex,5204473125.692949,132607401.41746616,133486240.14671582,266093641.56418198,13,19,7,July,2024
13:16:17,2024-07-19,OrangeX,BTC,orangex,45269.650869396246,1153.399774794802,1161.3556671378121,2314.755441932614,13,19,7,July,2024
13:16:21,2024-07-19,OrangeX,ETH,orangex,860869.8305311013,21933.61445456745,22084.907596032368,44018.522050599815,13,19,7,July,2024
13:16:30,2024-07-19,OrangeX,BNB,orangex,5025680.927522582,128046.47569998779,128929.71150238095,256976.18720236875,13,19,7,July,2024
13:16:39,2024-07-19,OrangeX,ADA,orangex,6891221549.762638,175577527.7898298,176788622.1037647,352366149.8935945,13,19,7,July,2024
13:16:50,2024-07-19,OrangeX,DOGE,orangex,24184208481.102898,616175739.8167149,620425981.5433778,1236601721.3600926,13,19,7,July,2024
13:16:59,2024-07-19,OrangeX,SOL,orangex,17716043.681430392,451377.0351657498,454490.5324772303,905867.5676429801,13,19,7,July,2024
13:17:09,2024-07-19,OrangeX,USDT,orangex,3001183079.435921,76465442.55280508,76992883.98482633,153458326.53763142,13,19,7,July,2024
13:17:19,2024-07-19,OrangeX,TONCOIN,orangex,412588752.38405466,10513045.678311113,10585562.303891946,21098607.98220306,13,19,7,July,2024
13:17:28,2024-07-19,OrangeX,USDC,orangex,2999559469.606023,76430841.93779756,76958044.70255539,153388886.64035293,13,19,7,July,2024
13:17:37,2024-07-19,OrangeX,XRP,orangex,5202116817.397364,132553520.68904954,133467845.07451849,266021365.763568,13,19,7,July,2024
13:17:55,2024-07-19,OrangeX,BTC,orangex,45257.581543439504,1153.3997747851308,1161.3560760434784,2314.7558508286093,13,19,7,July,2024
13:17:59,2024-07-19,OrangeX,ETH,orangex,860557.4134854964,21933.473793370602,22085.328096865192,44018.801890235794,13,19,7,July,2024
13:18:08,2024-07-19,OrangeX,BNB,orangex,5024675.020308373,128066.5021892755,128953.15834206506,257019.66053134055,13,19,7,July,2024
13:18:18,2024-07-19,OrangeX,ADA,orangex,6889497237.120553,175596194.66624886,176811918.0892026,352408112.75545144,13,19,7,July,2024
13:18:28,2024-07-19,OrangeX,DOGE,orangex,24180038883.336422,616289210.7596492,620556030.0392939,1236845240.798943,13,19,7,July,2024
13:18:37,2024-07-19,OrangeX,SOL,orangex,17709762.810768966,451377.92366872344,454502.99545886845,905880.9191275919,13,19,7,July,2024
13:18:46,2024-07-19,OrangeX,USDT,orangex,3000067205.769949,76464271.18626496,76993664.23875631,153457935.42502126,13,19,7,July,2024
13:18:56,2024-07-19,OrangeX,TONCOIN,orangex,412518606.9303389,10514076.007709427,10586869.205179242,21100945.21288867,13,19,7,July,2024
13:19:05,2024-07-19,OrangeX,USDC,orangex,2998709969.3740377,76429678.59725855,76958832.1512756,153388510.74853414,13,19,7,July,2024
13:19:16,2024-07-19,OrangeX,XRP,orangex,5200973021.239708,132559900.91277188,133477666.68093328,266037567.59370518,13,19,7,July,2024
13:23:56,2024-07-19,OrangeX,BTC,orangex,45706.75778075193,1250.1152689712842,1191.7161308611107,2441.831399832395,13,19,7,July,2024
13:24:00,2024-07-19,OrangeX,ETH,orangex,869406.5102934304,23776.988329627246,22666.845019418794,46443.833349046035,13,19,7,July,2024
13:24:09,2024-07-19,OrangeX,BNB,orangex,5089677.252220742,139195.18107447546,132696.18309622706,271891.3641707025,13,19,7,July,2024
13:24:19,2024-07-19,OrangeX,ADA,orangex,6958840008.575151,190314031.1380813,181428303.241101,371742334.37918234,13,19,7,July,2024
13:24:29,2024-07-19,OrangeX,DOGE,orangex,24375627411.640553,666637529.8918658,635512343.4770166,1302149873.3688824,13,19,7,July,2024
13:24:38,2024-07-19,OrangeX,SOL,orangex,17880009.038223576,488991.9286341513,466160.9834028448,955152.9120369961,13,19,7,July,2024
13:24:47,2024-07-19,OrangeX,USDT,orangex,3035638721.625371,83020250.71412262,79144050.1346207,162164300.84874332,13,19,7,July,2024
13:24:56,2024-07-19,OrangeX,TONCOIN,orangex,417107051.60126615,11407263.89865806,10874660.798159495,22281924.696817555,13,19,7,July,2024
13:25:06,2024-07-19,OrangeX,USDC,orangex,3034091293.3067646,82977930.82735294,79103706.15575553,162081636.9831085,13,19,7,July,2024
13:25:15,2024-07-19,OrangeX,XRP,orangex,5242099649.152373,143363709.27170974,136670083.46139866,280033792.7331084,13,19,7,July,2024
13:25:34,2024-07-19,OrangeX,BTC,orangex,45702.929043945456,1249.9078367160057,1191.5498645426162,2441.457701258622,13,19,7,July,2024
13:25:38,2024-07-19,OrangeX,ETH,orangex,869406.5102934304,23776.988329627246,22666.845019418794,46443.833349046035,13,19,7,July,2024
13:25:48,2024-07-19,OrangeX,BNB,orangex,5089677.252220742,139195.18107447546,132696.18309622706,271891.3641707025,13,19,7,July,2024
13:25:57,2024-07-19,OrangeX,ADA,orangex,6958840008.575151,190314031.1380813,181428303.241101,371742334.37918234,13,19,7,July,2024
13:26:07,2024-07-19,OrangeX,DOGE,orangex,24375627411.640553,666637529.8918658,635512343.4770166,1302149873.3688824,13,19,7,July,2024
13:26:16,2024-07-19,OrangeX,SOL,orangex,17880009.038223576,488991.9286341513,466160.9834028448,955152.9120369961,13,19,7,July,2024
13:26:25,2024-07-19,OrangeX,USDT,orangex,3035638721.625371,83020250.71412262,79144050.1346207,162164300.84874332,13,19,7,July,2024
13:26:35,2024-07-19,OrangeX,TONCOIN,orangex,417107051.60126615,11407263.89865806,10874660.798159495,22281924.696817555,13,19,7,July,2024
13:26:44,2024-07-19,OrangeX,USDC,orangex,3034091293.3067646,82977930.82735294,79103706.15575553,162081636.9831085,13,19,7,July,2024
13:26:54,2024-07-19,OrangeX,XRP,orangex,5241441982.649751,143330369.42057952,136665557.78864357,279995927.2092231,13,19,7,July,2024
13:27:13,2024-07-19,OrangeX,BTC,orangex,45700.53442055645,1249.7084777240727,1191.5974742254066,2441.305951949479,13,19,7,July,2024
13:27:18,2024-07-19,OrangeX,ETH,orangex,869172.4288393428,23768.040498799146,22662.834997514943,46430.87549631409,13,19,7,July,2024
13:27:24,2024-07-19,OrangeX,BNB,orangex,5088604.211609975,139150.92905720943,132680.4599282711,271831.3889854805,13,19,7,July,2024
13:27:33,2024-07-19,OrangeX,ADA,orangex,6957673024.189504,190261734.8748247,181414631.2998305,371676366.17465514,13,19,7,July,2024
13:27:42,2024-07-19,OrangeX,DOGE,orangex,24440409179.456535,667501004.251398,636316493.0475806,1303817497.2989786,13,19,7,July,2024
13:27:52,2024-07-19,OrangeX,SOL,orangex,17934237.900317088,489808.5674853392,466925.5445937069,956734.1120790461,13,19,7,July,2024
13:28:02,2024-07-19,OrangeX,USDT,orangex,3045302928.6341057,83171388.3424512,79285762.59045552,162457150.93290672,13,19,7,July,2024
13:28:12,2024-07-19,OrangeX,TONCOIN,orangex,418429470.5705583,11427881.168577027,10893990.00426776,22321871.172844786,13,19,7,July,2024
13:28:21,2024-07-19,OrangeX,USDC,orangex,3043726504.802573,83128334.05138154,79244719.72261022,162373053.77399176,13,19,7,July,2024
13:28:30,2024-07-19,OrangeX,XRP,orangex,5258139509.077598,143606982.06940964,136897908.206199,280504890.2756086,13,19,7,July,2024
13:28:51,2024-07-19,OrangeX,BTC,orangex,45846.159356955446,1252.1213203566285,1193.624342682429,2445.7456630390575,13,19,7,July,2024
13:28:55,2024-07-19,OrangeX,ETH,orangex,871819.129145107,23810.572890043502,22698.183436949555,46508.75632699306,13,19,7,July,2024
13:29:01,2024-07-19,OrangeX,BNB,orangex,5104838.916738058,139420.13320826253,132906.66180016065,272326.79500842316,13,19,7,July,2024
13:29:10,2024-07-19,OrangeX,ADA,orangex,6978508840.132852,190592621.61950094,181688458.61989027,372281080.2393912,13,19,7,July,2024
13:29:19,2024-07-19,OrangeX,DOGE,orangex,24440409179.456535,667501004.251398,636316493.0475806,1303817497.2989786,13,19,7,July,2024
13:29:29,2024-07-19,OrangeX,SOL,orangex,17934237.900317088,489808.5674853392,466925.5445937069,956734.1120790461,13,19,7,July,2024
13:29:38,2024-07-19,OrangeX,USDT,orangex,3045302928.6341057,83171388.3424512,79285762.59045552,162457150.93290672,13,19,7,July,2024
13:29:48,2024-07-19,OrangeX,TONCOIN,orangex,418429470.5705583,11427881.168577027,10893990.00426776,22321871.172844786,13,19,7,July,2024
13:34:52,2024-07-19,OrangeX,BTC,orangex,46477.756436295895,1222.204237090283,1232.583400492063,2454.787637582346,13,19,7,July,2024
13:34:56,2024-07-19,OrangeX,ETH,orangex,881856.8843602779,23189.785893595184,23386.717445407616,46576.50333900281,13,19,7,July,2024
13:35:05,2024-07-19,OrangeX,BNB,orangex,5183455.94252099,136306.9627597725,137464.50435253617,273771.4671123087,13,19,7,July,2024
13:35:15,2024-07-19,OrangeX,ADA,orangex,7076286402.306174,186081856.93337286,187662095.27702004,373743952.21039295,13,19,7,July,2024
20:08:23,2024-07-19,OrangeX,USDT,orangex,3265197378.9740868,75629042.61266533,77992182.13495909,153621224.74762443,20,19,7,July,2024
20:08:27,2024-07-19,OrangeX,TONCOIN,orangex,447224944.06834984,10358698.242928036,10682370.84768052,21041069.09060856,20,19,7,July,2024
20:08:36,2024-07-19,OrangeX,USDC,orangex,3265770033.4196057,75642306.52979982,78005860.50249144,153648167.0322913,20,19,7,July,2024
20:08:45,2024-07-19,OrangeX,XRP,orangex,5693798236.137479,131880697.99445271,136001502.36922854,267882200.3636813,20,19,7,July,2024
20:20:44,2024-07-19,OrangeX,BTC,orangex,48820.41370891409,1037.3546095276868,1184.851373696588,2222.205983224275,20,19,7,July,2024
20:20:48,2024-07-19,OrangeX,ETH,orangex,930952.9837159846,19781.24099212618,22593.846258238857,42375.08725036503,20,19,7,July,2024
20:20:57,2024-07-19,OrangeX,BNB,orangex,5489446.095436867,116616.52550193135,133230.65833412085,249847.18383605222,20,19,7,July,2024
20:21:07,2024-07-19,OrangeX,ADA,orangex,7433844948.49294,157922885.8324984,180421856.6359149,338344742.4684133,20,19,7,July,2024
20:21:16,2024-07-19,OrangeX,DOGE,orangex,25881684144.037285,549824522.6462791,628156968.3637532,1177981491.0100324,20,19,7,July,2024
20:21:26,2024-07-19,OrangeX,SOL,orangex,19253642.103411425,409019.92775262875,467292.21276065864,876312.1405132875,20,19,7,July,2024
20:21:35,2024-07-19,OrangeX,USDT,orangex,3258020089.2507014,69212626.59628545,79073216.82555254,148285843.42183802,20,19,7,July,2024
20:21:44,2024-07-19,OrangeX,TONCOIN,orangex,445652447.9999558,9467337.717440326,10816131.17297975,20283468.890420076,20,19,7,July,2024
20:21:54,2024-07-19,OrangeX,USDC,orangex,3258399706.281826,69220691.0928524,79082430.25548558,148303121.348338,20,19,7,July,2024
20:22:03,2024-07-19,OrangeX,XRP,orangex,5676384871.968421,120587809.71197456,137767723.79254246,258355533.50451705,20,19,7,July,2024
20:22:21,2024-07-19,OrangeX,BTC,orangex,48820.947020813066,1036.8225485667344,1184.3079851623786,2221.1305337291133,20,19,7,July,2024
20:22:26,2024-07-19,OrangeX,ETH,orangex,931242.095238945,19777.019116541273,22590.251046147354,42367.27016268863,20,19,7,July,2024
20:22:35,2024-07-19,OrangeX,BNB,orangex,5487402.285450266,116537.32198570359,133114.46706854162,249651.78905424525,20,19,7,July,2024
20:22:44,2024-07-19,OrangeX,ADA,orangex,7432634750.109861,157848705.82066476,180302292.81701246,338150998.63767725,20,19,7,July,2024
20:22:53,2024-07-19,OrangeX,DOGE,orangex,25879999844.600243,549619969.1568016,627802046.914303,1177422016.0711045,20,19,7,July,2024
20:23:02,2024-07-19,OrangeX,SOL,orangex,19249174.439479824,408799.4870652293,466950.20042812446,875749.6874933538,20,19,7,July,2024
20:23:13,2024-07-19,OrangeX,USDT,orangex,3256756067.0440464,69164535.54359068,79003019.22209726,148167554.76568797,20,19,7,July,2024
20:23:22,2024-07-19,OrangeX,TONCOIN,orangex,445526099.05522704,9461748.156554766,10807658.370174788,20269406.526729554,20,19,7,July,2024
20:23:32,2024-07-19,OrangeX,USDC,orangex,3257164954.6839476,69173219.19171204,79012938.09763163,148186157.28934368,20,19,7,July,2024
20:23:41,2024-07-19,OrangeX,XRP,orangex,5672166595.8448515,120461207.42581645,137596515.48272014,258057722.90853658,20,19,7,July,2024
20:23:59,2024-07-19,OrangeX,BTC,orangex,48803.70123986658,1038.815768863347,1189.2507025996574,2228.0664714630043,20,19,7,July,2024
20:24:05,2024-07-19,OrangeX,ETH,orangex,930893.1055518709,19814.612674981192,22684.04345772046,42498.656132701646,20,19,7,July,2024
20:24:09,2024-07-19,OrangeX,BNB,orangex,5484829.760902214,116747.85928944798,133654.56883553165,250402.4281249796,20,19,7,July,2024
20:24:18,2024-07-19,OrangeX,ADA,orangex,7429263344.435716,158136283.05170256,181036610.4968847,339172893.5485872,20,19,7,July,2024
20:24:28,2024-07-19,OrangeX,DOGE,orangex,25873493089.851604,550732668.5165194,630486398.6561344,1181219067.1726537,20,19,7,July,2024
20:24:37,2024-07-19,OrangeX,SOL,orangex,19239281.186401818,409519.52762353176,468823.63605960156,878343.1636831332,20,19,7,July,2024
20:24:47,2024-07-19,OrangeX,USDT,orangex,3255116935.800751,69287097.42288399,79320830.27716835,148607927.70005232,20,19,7,July,2024
20:24:56,2024-07-19,OrangeX,TONCOIN,orangex,445285869.75511163,9478174.22453562,10850745.333048305,20328919.55758392,20,19,7,July,2024
20:25:06,2024-07-19,OrangeX,USDC,orangex,3255711256.1607046,69299747.88475452,79335312.70140436,148635060.58615887,20,19,7,July,2024
20:25:15,2024-07-19,OrangeX,XRP,orangex,5669415145.742312,120676868.84409559,138152553.47673333,258829422.32082888,20,19,7,July,2024
20:25:33,2024-07-19,OrangeX,BTC,orangex,48795.57136545522,1051.3730916151721,1200.3134575567726,2251.6865491719445,20,19,7,July,2024
20:25:37,2024-07-19,OrangeX,ETH,orangex,930131.6739868281,20041.06902170719,22880.141257585274,42921.210279292456,20,19,7,July,2024
20:25:46,2024-07-19,OrangeX,BNB,orangex,5483104.984809958,118141.64437905086,134877.91039830603,253019.55477735688,20,19,7,July,2024
20:25:55,2024-07-19,OrangeX,ADA,orangex,7427492893.325167,160036371.0820983,182707557.80261406,342743928.88471234,20,19,7,July,2024
20:26:05,2024-07-19,OrangeX,DOGE,orangex,25872398221.95041,557459264.1283876,636430456.6184534,1193889720.746841,20,19,7,July,2024
20:26:14,2024-07-19,OrangeX,SOL,orangex,19232246.42487254,414387.326894547,473090.5604102722,887477.8873048191,20,19,7,July,2024
20:26:24,2024-07-19,OrangeX,USDT,orangex,3254105795.4496446,70114544.71925364,80047161.43885359,150161706.15810722,20,19,7,July,2024
20:26:33,2024-07-19,OrangeX,TONCOIN,orangex,445153538.30227333,9591494.447375817,10950251.585362254,20541746.032738067,20,19,7,July,2024
20:26:42,2024-07-19,OrangeX,USDC,orangex,3254667880.1662974,70098075.69704852,80058421.33315216,150156497.0302007,20,19,7,July,2024
20:26:51,2024-07-19,OrangeX,XRP,orangex,5670714912.443801,122134183.21766117,139488421.0727573,261622604.2904185,20,19,7,July,2024
21:11:04,2024-07-19,OrangeX,BTC,orangex,48574.71081480417,1095.7780453801638,1044.388102275085,2140.1661476552486,21,19,7,July,2024
21:11:07,2024-07-19,OrangeX,ETH,orangex,926031.2585495153,20889.97969175891,19910.278672604705,40800.25836436362,21,19,7,July,2024
21:11:16,2024-07-19,OrangeX,BNB,orangex,5482443.344564721,123693.9824088126,117884.72433291872,241578.7067417313,21,19,7,July,2024
21:11:26,2024-07-19,OrangeX,ADA,orangex,7408519537.301618,167149795.76229212,159299645.88429022,326449441.6465823,21,19,7,July,2024
21:11:35,2024-07-19,OrangeX,DOGE,orangex,25839024786.86849,582975815.0836926,555596496.4145534,1138572311.498246,21,19,7,July,2024
21:11:45,2024-07-19,OrangeX,SOL,orangex,19022765.745847646,429188.50294487784,409031.76833047264,838220.2712753504,21,19,7,July,2024
21:11:54,2024-07-19,OrangeX,USDT,orangex,3233852374.324612,72961643.84424917,69535017.8234954,142496661.66774458,21,19,7,July,2024
21:12:04,2024-07-19,OrangeX,TONCOIN,orangex,443424596.06130826,10004472.593268,9534614.948815923,19539087.542083923,21,19,7,July,2024
21:12:13,2024-07-19,OrangeX,USDC,orangex,3234182270.081355,72969086.89789636,69542111.31592168,142511198.21381804,21,19,7,July,2024
21:12:22,2024-07-19,OrangeX,XRP,orangex,5606111677.573712,126484166.9390197,120543868.51904692,247028035.45806658,21,19,7,July,2024
21:45:02,2024-07-19,OrangeX,BTC,orangex,47895.1101973541,1051.8343087969645,1069.5227079904193,2121.3570167873836,21,19,7,July,2024
21:45:06,2024-07-19,OrangeX,ETH,orangex,913629.1814589803,20064.397275981868,20401.814553233035,40466.2118292149,21,19,7,July,2024
21:45:15,2024-07-19,OrangeX,BNB,orangex,5409598.413957384,118801.29694175663,120799.14465163923,239600.44159339587,21,19,7,July,2024
21:45:24,2024-07-19,OrangeX,ADA,orangex,7306475887.335886,160459011.01449367,163157404.6847454,323616415.6992391,21,19,7,July,2024
21:45:33,2024-07-19,OrangeX,DOGE,orangex,25480098059.019707,559061528.7850083,568672599.900907,1127734128.6859155,21,19,7,July,2024
21:45:42,2024-07-19,OrangeX,SOL,orangex,18778615.602547724,412023.5928020697,419106.87048789946,831130.4632899691,21,19,7,July,2024
21:45:52,2024-07-19,OrangeX,USDT,orangex,3186418531.0462036,69913546.29755719,71115460.63226523,141029006.92982242,21,19,7,July,2024
21:46:01,2024-07-19,OrangeX,TONCOIN,orangex,436871218.40529513,9580392.01663238,9754866.921344442,19335258.937976822,21,19,7,July,2024
21:46:11,2024-07-19,OrangeX,USDC,orangex,3186716977.6351852,69883289.64138727,71155980.80892807,141039270.45031533,21,19,7,July,2024
21:46:20,2024-07-19,OrangeX,XRP,orangex,5511442473.437032,120863488.47925104,123064614.02807774,243928102.50732878,21,19,7,July,2024
21:46:45,2024-07-19,OrangeX,BTC,orangex,47901.75061067035,1048.3213062027148,1068.6265042260065,2116.9478104287214,21,19,7,July,2024
21:46:49,2024-07-19,OrangeX,ETH,orangex,913702.4028386725,19996.21484002778,20383.526535059318,40379.741375087106,21,19,7,July,2024
21:46:58,2024-07-19,OrangeX,BNB,orangex,5410120.27347087,118399.52151008458,120692.83150569425,239092.35301577885,21,19,7,July,2024
21:47:09,2024-07-19,OrangeX,ADA,orangex,7309130342.805428,159959019.67033464,163057305.99800915,323016325.6683438,21,19,7,July,2024
21:47:18,2024-07-19,OrangeX,DOGE,orangex,25472450009.539032,557460045.3169037,568257628.5991079,1125717673.9160116,21,19,7,July,2024
21:47:28,2024-07-19,OrangeX,SOL,orangex,18769536.5061816,410767.97353199025,418724.2413239762,829492.2148559665,21,19,7,July,2024
21:47:40,2024-07-19,OrangeX,USDT,orangex,3185219047.714437,69707953.26002048,71058144.07114702,140766097.33116752,21,19,7,July,2024
21:47:56,2024-07-19,OrangeX,TONCOIN,orangex,436759876.89329284,9558412.350377066,9743551.633929083,19301963.98430615,21,19,7,July,2024
21:48:10,2024-07-19,OrangeX,USDC,orangex,3185460539.419555,69740709.39758137,71070236.28667922,140810945.68426058,21,19,7,July,2024
21:48:26,2024-07-19,OrangeX,XRP,orangex,5511456491.843439,120664776.9760494,122965112.99130389,243629889.96735328,21,19,7,July,2024
21:49:02,2024-07-19,OrangeX,BTC,orangex,47885.71358677723,1048.1873397373429,1068.791958422556,2116.979298159899,21,19,7,July,2024
21:49:13,2024-07-19,OrangeX,ETH,orangex,913312.7142456132,19991.82538145884,20384.812324908802,40376.637706367634,21,19,7,July,2024
21:49:23,2024-07-19,OrangeX,BNB,orangex,5406984.492557796,118355.39802460435,120681.95526602713,239037.35329063146,21,19,7,July,2024
21:49:33,2024-07-19,OrangeX,ADA,orangex,7306033529.102232,159924354.78744003,163068048.88099745,322992403.6684374,21,19,7,July,2024
21:53:12,2024-07-19,OrangeX,BTC,orangex,47814.973600713805,1132.8610733525516,1051.5907887916762,2184.451862144228,21,19,7,July,2024
21:53:16,2024-07-19,OrangeX,ETH,orangex,911501.9108512207,21563.709151738647,19993.669947936334,41557.379099674974,21,19,7,July,2024
21:53:26,2024-07-19,OrangeX,BNB,orangex,5396739.840106975,127672.50062151802,118376.75146200496,246049.25208352297,21,19,7,July,2024
21:53:35,2024-07-19,OrangeX,ADA,orangex,7291135086.949057,172488850.02795008,159930052.5197383,332418902.5476883,21,19,7,July,2024
21:53:45,2024-07-19,OrangeX,DOGE,orangex,25462556333.651108,602376311.5601789,558517696.2386554,1160894007.798834,21,19,7,July,2024
21:53:54,2024-07-19,OrangeX,SOL,orangex,18700256.093079112,442398.286447483,410187.56386121997,852585.8503087029,21,19,7,July,2024
21:54:03,2024-07-19,OrangeX,USDT,orangex,3174731599.1027822,75105699.749938,69637304.11323926,144743003.86317724,21,19,7,July,2024
21:54:13,2024-07-19,OrangeX,TONCOIN,orangex,435413304.5858033,10300719.88781402,9550731.379925516,19851451.267739534,21,19,7,July,2024
21:54:23,2024-07-19,OrangeX,USDC,orangex,3175309797.330538,75119378.3810708,69649986.81241147,144769365.19348225,21,19,7,July,2024
21:54:33,2024-07-19,OrangeX,XRP,orangex,5495097016.66897,129999369.63091855,120534202.69911204,250533572.33003056,21,19,7,July,2024
21:54:51,2024-07-19,OrangeX,BTC,orangex,47824.31939430534,1134.616839963175,1050.2275566267756,2184.844396589951,21,19,7,July,2024
21:54:56,2024-07-19,OrangeX,ETH,orangex,911194.6370692614,21617.804347175374,20009.93907327036,41627.74342044574,21,19,7,July,2024
21:55:00,2024-07-19,OrangeX,BNB,orangex,5394897.6643448165,127992.2394582473,118472.57345289092,246464.81291113823,21,19,7,July,2024
23:02:28,2024-07-19,OrangeX,BTC,orangex,47458.85498998015,1089.3663515363473,1070.0782621535668,2159.444613689914,23,19,7,July,2024
23:02:32,2024-07-19,OrangeX,ETH,orangex,904531.2927487255,20762.53113228653,20394.914163277423,41157.44529556395,23,19,7,July,2024
23:02:36,2024-07-19,OrangeX,BNB,orangex,5360108.054616287,123035.44526160038,120857.0057842757,243892.45104587608,23,19,7,July,2024
23:02:40,2024-07-19,OrangeX,ADA,orangex,7262409717.546748,166700709.0465274,163749141.6773612,330449850.7238886,23,19,7,July,2024
23:02:44,2024-07-19,OrangeX,DOGE,orangex,25317280738.321465,581130618.3967046,570841243.0227562,1151971861.4194608,23,19,7,July,2024
23:02:49,2024-07-19,OrangeX,SOL,orangex,18479229.438741643,424170.5948686535,416660.32035371615,840830.9152223697,23,19,7,July,2024
23:02:53,2024-07-19,OrangeX,USDT,orangex,3160744177.9981914,72551441.74996628,71266861.32268451,143818303.0726508,23,19,7,July,2024
23:02:57,2024-07-19,OrangeX,TONCOIN,orangex,431332498.7589788,9900767.95091936,9725467.055195734,19626235.006115094,23,19,7,July,2024
23:03:02,2024-07-19,OrangeX,USDC,orangex,3161674918.94988,72572805.89528711,71287847.19898322,143860653.09427032,23,19,7,July,2024
23:03:06,2024-07-19,OrangeX,XRP,orangex,5489366077.812819,126002422.47093537,123771450.32493627,249773872.79587165,23,19,7,July,2024
23:03:19,2024-07-19,OrangeX,BTC,orangex,47445.72430441822,1087.488504813837,1070.1468549135582,2157.635359727395,23,19,7,July,2024
23:03:24,2024-07-19,OrangeX,ETH,orangex,904279.117992367,20726.6968810574,20396.17833368018,41122.875214737585,23,19,7,July,2024
23:03:28,2024-07-19,OrangeX,BNB,orangex,5353626.738285328,122708.79246345776,120752.01507301397,243460.80753647178,23,19,7,July,2024
23:03:33,2024-07-19,OrangeX,ADA,orangex,7258673224.47684,166373763.0217498,163720681.5977682,330094444.619518,23,19,7,July,2024
23:03:37,2024-07-19,OrangeX,DOGE,orangex,25307451395.912506,580064123.4309683,570814123.1746677,1150878246.6056361,23,19,7,July,2024
23:03:42,2024-07-19,OrangeX,SOL,orangex,18475166.74620996,423463.47865009273,416710.7126578111,840174.191307904,23,19,7,July,2024
23:03:46,2024-07-19,OrangeX,USDT,orangex,3159861994.554289,72426201.64944804,71271256.26193176,143697457.9113798,23,19,7,July,2024
23:03:50,2024-07-19,OrangeX,TONCOIN,orangex,431114003.41177607,9880685.30636531,9728530.412331281,19609215.71869659,23,19,7,July,2024
23:03:55,2024-07-19,OrangeX,USDC,orangex,3160510718.101534,72435623.90880781,71320171.45400357,143755795.3628114,23,19,7,July,2024
23:03:58,2024-07-19,OrangeX,XRP,orangex,5485161937.958951,125714216.04150298,123778314.57037292,249492530.61187592,23,19,7,July,2024
23:04:44,2024-07-19,OrangeX,BTC,orangex,47412.04065470456,1042.9274316867454,1059.4178737464738,2102.345305433219,23,19,7,July,2024
23:04:48,2024-07-19,OrangeX,ETH,orangex,903789.9667189317,19880.758890745918,20195.10722662299,40075.8661173689,23,19,7,July,2024
23:04:53,2024-07-19,OrangeX,BNB,orangex,5349890.663378302,117682.08354491885,119542.83580936643,237224.91935428526,23,19,7,July,2024
23:04:57,2024-07-19,OrangeX,ADA,orangex,7252806414.819936,159540712.9133713,162063320.7214819,321604033.6348531,23,19,7,July,2024
23:05:02,2024-07-19,OrangeX,DOGE,orangex,25299230243.303722,556509714.7676189,565309072.1612672,1121818786.928886,23,19,7,July,2024
23:05:06,2024-07-19,OrangeX,SOL,orangex,18464427.728423804,406182.29579488223,412675.84939452115,818858.1451894033,23,19,7,July,2024
23:05:11,2024-07-19,OrangeX,USDT,orangex,3157432520.463455,69457510.8875441,70567913.96152134,140025424.84906542,23,19,7,July,2024
23:05:15,2024-07-19,OrangeX,TONCOIN,orangex,430736659.63912344,9475387.370165357,9626868.457358241,19102255.827523597,23,19,7,July,2024
23:05:19,2024-07-19,OrangeX,USDC,orangex,3158382654.974584,69478412.0398961,70589149.25633721,140067561.2962333,23,19,7,July,2024
23:05:23,2024-07-19,OrangeX,XRP,orangex,5479714510.945218,120543298.3406228,122470399.48943157,243013697.83005434,23,19,7,July,2024
23:05:37,2024-07-19,OrangeX,BTC,orangex,47395.858879632695,1041.7991150463708,1058.2637226366953,2100.0628376830664,23,19,7,July,2024
23:05:42,2024-07-19,OrangeX,ETH,orangex,903441.4762581232,19858.370598414476,20172.21256138406,40030.58315979854,23,19,7,July,2024
23:05:46,2024-07-19,OrangeX,BNB,orangex,5347964.888825985,117552.57147312089,119410.37393482901,236962.94540794994,23,19,7,July,2024
23:05:50,2024-07-19,OrangeX,ADA,orangex,7249880211.24347,159358200.62776288,161876699.8295207,321234900.4572836,23,19,7,July,2024
23:05:54,2024-07-19,OrangeX,DOGE,orangex,25290647607.08609,555908784.4135318,564694374.5135728,1120603158.9271047,23,19,7,July,2024
23:05:58,2024-07-19,OrangeX,SOL,orangex,18459434.730466314,405753.22867965046,412165.75830482703,817918.9869844776,23,19,7,July,2024
23:06:02,2024-07-19,OrangeX,USDT,orangex,3156622001.919339,69385091.56437418,70481654.50892544,139866746.07329962,23,19,7,July,2024
23:06:06,2024-07-19,OrangeX,TONCOIN,orangex,430606154.9969913,9465069.7722067,9614655.865498291,19079725.637704995,23,19,7,July,2024
23:06:11,2024-07-19,OrangeX,USDC,orangex,3157613225.6741166,69406879.46008807,70503786.74084385,139910666.20093194,23,19,7,July,2024
23:06:14,2024-07-19,OrangeX,XRP,orangex,5473788454.83453,120318274.69737475,122219786.37100384,242538061.0683786,23,19,7,July,2024
23:06:28,2024-07-19,OrangeX,BTC,orangex,47359.047410229425,1042.5504074576893,1056.7430937104637,2099.293501168153,23,19,7,July,2024
23:06:32,2024-07-19,OrangeX,ETH,orangex,902739.8650407286,19872.693088062933,20143.228590211304,40015.92167827424,23,19,7,July,2024
23:06:36,2024-07-19,OrangeX,BNB,orangex,5343313.741556573,117626.39290820753,119227.69149065473,236854.08439886227,23,19,7,July,2024
23:06:40,2024-07-19,OrangeX,ADA,orangex,7244166137.759346,159471289.47067678,161642240.593608,321113530.06428474,23,19,7,July,2024
23:06:44,2024-07-19,OrangeX,DOGE,orangex,25271538759.22112,556321431.0940282,563894873.5585188,1120216304.652547,23,19,7,July,2024
23:06:49,2024-07-19,OrangeX,SOL,orangex,18445070.88085192,406045.24824679055,411572.9165221784,817618.1647689689,23,19,7,July,2024
23:06:53,2024-07-19,OrangeX,USDT,orangex,3154206236.9948826,69435919.3735453,70381180.35209578,139817099.7256411,23,19,7,July,2024
23:06:57,2024-07-19,OrangeX,TONCOIN,orangex,430230668.22573304,9466095.689043837,9603404.775200203,19069500.464244038,23,19,7,July,2024
23:07:01,2024-07-19,OrangeX,USDC,orangex,3154911428.4982686,69415538.40358311,70422435.48727517,139837973.89085826,23,19,7,July,2024
23:07:05,2024-07-19,OrangeX,XRP,orangex,5468841944.70231,120327500.98988006,122072894.20616907,242400395.1960491,23,19,7,July,2024
23:07:18,2024-07-19,OrangeX,BTC,orangex,47341.9306748235,1041.8144581007186,1056.5131551993786,2098.3276133000973,23,19,7,July,2024
23:07:22,2024-07-19,OrangeX,ETH,orangex,902429.9813838948,19859.025363519548,20139.21133734941,39998.236700868954,23,19,7,July,2024
23:07:26,2024-07-19,OrangeX,BNB,orangex,5341725.036574338,117550.896107861,119209.3920157748,236760.2881236358,23,19,7,July,2024
23:07:30,2024-07-19,OrangeX,ADA,orangex,7240481118.547924,159335240.5655056,161583261.23752055,320918501.80302614,23,19,7,July,2024
23:07:35,2024-07-19,OrangeX,DOGE,orangex,25263844215.91354,555960388.5217144,563804293.2460084,1119764681.7677228,23,19,7,July,2024
23:07:38,2024-07-19,OrangeX,SOL,orangex,18439292.088754218,405778.1510254802,411503.1724866444,817281.3235121246,23,19,7,July,2024
23:07:43,2024-07-19,OrangeX,USDT,orangex,3153282310.596425,69391658.82813554,70370688.21898097,139762347.0471165,23,19,7,July,2024
23:07:47,2024-07-19,OrangeX,TONCOIN,orangex,430189370.4724593,9466819.36057576,9600384.324266616,19067203.684842374,23,19,7,July,2024
23:07:51,2024-07-19,OrangeX,USDC,orangex,3154177278.962995,69411353.65195334,70390660.91209446,139802014.5640478,23,19,7,July,2024
23:07:55,2024-07-19,OrangeX,XRP,orangex,5470250958.911231,120379259.08804917,122077659.6550005,242456918.74304968,23,19,7,July,2024
23:08:07,2024-07-19,OrangeX,BTC,orangex,47361.66343303035,1071.913451803021,1066.2854421205066,2138.1988939235275,23,19,7,July,2024
23:08:11,2024-07-19,OrangeX,ETH,orangex,902741.5497827949,20442.435870217643,20319.352037197703,40761.787907415346,23,19,7,July,2024
23:08:16,2024-07-19,OrangeX,BNB,orangex,5343650.948407661,121006.10839496029,120277.53105052664,241283.63944548692,23,19,7,July,2024
23:08:20,2024-07-19,OrangeX,ADA,orangex,7241080404.340366,163973090.45145133,162985809.0622362,326958899.51368755,23,19,7,July,2024
23:08:24,2024-07-19,OrangeX,DOGE,orangex,25271118974.205154,572260387.3978406,568814809.6587894,1141075197.05663,23,19,7,July,2024
23:08:28,2024-07-19,OrangeX,SOL,orangex,18440160.989831287,417574.4525792731,415060.23829869705,832634.6908779702,23,19,7,July,2024
23:08:33,2024-07-19,OrangeX,USDT,orangex,3154381730.9421773,71430462.3072757,71000379.75004117,142430842.05731687,23,19,7,July,2024
23:08:36,2024-07-19,OrangeX,TONCOIN,orangex,430343546.01316386,9745059.750105482,9686384.780318793,19431444.530424275,23,19,7,July,2024
23:08:41,2024-07-19,OrangeX,USDC,orangex,3155290065.245966,71451031.39015262,71020824.98654391,142471856.37669653,23,19,7,July,2024
23:08:45,2024-07-19,OrangeX,XRP,orangex,5470205595.322035,123871917.83316281,123126085.4603853,246998003.2935481,23,19,7,July,2024
23:08:57,2024-07-19,OrangeX,BTC,orangex,47347.069388517506,1080.510760662671,1074.9371318489993,2155.4478925116705,23,19,7,July,2024
23:09:02,2024-07-19,OrangeX,ETH,orangex,902212.7473840854,20589.45980280576,20483.252617655224,41072.712420460986,23,19,7,July,2024
23:09:06,2024-07-19,OrangeX,BNB,orangex,5343666.325516152,121948.18054591624,121319.13184264496,243267.31238856123,23,19,7,July,2024
23:09:10,2024-07-19,OrangeX,ADA,orangex,7240912558.062865,165245368.6584839,164392978.86135143,329638347.51983535,23,19,7,July,2024
23:09:14,2024-07-19,OrangeX,DOGE,orangex,25270248459.17304,576694096.1160656,573719318.8645967,1150413414.9806626,23,19,7,July,2024
23:09:19,2024-07-19,OrangeX,SOL,orangex,18438428.055361688,420784.64793756476,418614.1027440518,839398.7506816167,23,19,7,July,2024
23:09:23,2024-07-19,OrangeX,USDT,orangex,3154492698.9804087,71988897.08909364,71617554.7520362,143606451.84112987,23,19,7,July,2024
23:09:26,2024-07-19,OrangeX,TONCOIN,orangex,430386209.9003278,9821873.603668207,9771209.158930914,19593082.762599126,23,19,7,July,2024
23:09:32,2024-07-19,OrangeX,USDC,orangex,3155329558.2446465,72007995.11251616,71636554.26159148,143644549.37410766,23,19,7,July,2024
23:09:36,2024-07-19,OrangeX,XRP,orangex,5467827552.817236,124781672.54211654,124138007.75799878,248919680.30011535,23,19,7,July,2024
23:09:49,2024-07-19,OrangeX,BTC,orangex,47238.36424568287,1081.0217060908096,1075.450819407567,2156.472525498377,23,19,7,July,2024
23:09:54,2024-07-19,OrangeX,ETH,orangex,900107.0353145709,20598.411027092752,20492.260139427646,41090.6711665204,23,19,7,July,2024
23:09:58,2024-07-19,OrangeX,BNB,orangex,5331658.529457941,122011.81585865309,121383.0458752795,243394.86173393257,23,19,7,July,2024
23:10:02,2024-07-19,OrangeX,ADA,orangex,7222527636.1691065,165283224.18050492,164431461.34599137,329714685.5264963,23,19,7,July,2024
23:10:06,2024-07-19,OrangeX,DOGE,orangex,25206336772.223515,576831937.704084,573859318.9841092,1150691256.6881933,23,19,7,July,2024
23:10:10,2024-07-19,OrangeX,SOL,orangex,18395914.622106437,420979.5010357031,418810.04497110774,839789.5460068109,23,19,7,July,2024
23:10:14,2024-07-19,OrangeX,USDT,orangex,3147751577.6351185,72034411.75709498,71663192.98976423,143697604.7468592,23,19,7,July,2024
23:10:19,2024-07-19,OrangeX,TONCOIN,orangex,429405169.7688776,9826680.424697155,9776040.06954981,19602720.494246963,23,19,7,July,2024
23:10:24,2024-07-19,OrangeX,USDC,orangex,3148556696.2224164,72052836.41431469,71681522.69821744,143734359.1125321,23,19,7,July,2024
23:10:28,2024-07-19,OrangeX,XRP,orangex,5455069175.31424,124835994.66043153,124192670.6861535,249028665.34658504,23,19,7,July,2024
23:10:42,2024-07-19,OrangeX,BTC,orangex,47226.33795741697,1081.6048550079129,1074.8045669612777,2156.40942196919,23,19,7,July,2024
23:10:46,2024-07-19,OrangeX,ETH,orangex,899930.6990290583,20610.732386622094,20481.14817069315,41091.88055731524,23,19,7,July,2024
23:10:50,2024-07-19,OrangeX,BNB,orangex,5329209.813074426,122052.63961763206,121285.26777900808,243337.9073966401,23,19,7,July,2024
23:10:53,2024-07-19,OrangeX,ADA,orangex,7218355682.200539,165318948.8899571,164279552.23154396,329598501.121501,23,19,7,July,2024
23:10:57,2024-07-19,OrangeX,DOGE,orangex,25190181758.49705,576920084.5741878,573292860.8826255,1150212945.456813,23,19,7,July,2024
23:11:02,2024-07-19,OrangeX,SOL,orangex,18384560.226572204,421053.8114595211,418406.55337094923,839460.3648304703,23,19,7,July,2024
23:11:06,2024-07-19,OrangeX,USDT,orangex,3148251165.0917764,72080959.31086428,71620594.67695871,143701553.98782298,23,19,7,July,2024
23:11:10,2024-07-19,OrangeX,TONCOIN,orangex,429388829.8131904,9831095.7885096,9768306.823756106,19599402.612265706,23,19,7,July,2024
23:11:14,2024-07-19,OrangeX,USDC,orangex,3149261088.4704466,72104082.06764182,71643569.75396672,143747651.82160854,23,19,7,July,2024
23:11:18,2024-07-19,OrangeX,XRP,orangex,5454937069.349596,124893814.4767275,124096146.1919495,248989960.668677,23,19,7,July,2024
23:11:31,2024-07-19,OrangeX,BTC,orangex,47204.300623698866,1083.1327608235479,1076.1344194253522,2159.2671802489003,23,19,7,July,2024
23:11:35,2024-07-19,OrangeX,ETH,orangex,900077.0137510616,20652.840694107286,20519.3984834682,41172.23917757549,23,19,7,July,2024
23:11:39,2024-07-19,OrangeX,BNB,orangex,5330542.016000819,122312.68367904206,121522.3965151079,243835.08019414995,23,19,7,July,2024
23:11:43,2024-07-19,OrangeX,ADA,orangex,7218296318.318667,165628409.2000241,164558250.3102307,330186659.5102548,23,19,7,July,2024
23:11:47,2024-07-19,OrangeX,DOGE,orangex,25184272793.37168,577869189.0273062,574135458.4869831,1152004647.5142891,23,19,7,July,2024
23:11:51,2024-07-19,OrangeX,SOL,orangex,18384011.311478145,421832.85556010745,419107.3075543942,840940.1631145016,23,19,7,July,2024
23:11:56,2024-07-19,OrangeX,USDT,orangex,3148137168.827388,72236013.6273542,71769282.02907391,144005295.6564281,23,19,7,July,2024
23:12:00,2024-07-19,OrangeX,TONCOIN,orangex,429331196.6297811,9849810.717830822,9795025.668256832,19644836.386087656,23,19,7,July,2024
23:12:04,2024-07-19,OrangeX,USDC,orangex,3148892432.2893744,72242582.58503821,71840766.38961534,144083348.97465354,23,19,7,July,2024
23:12:08,2024-07-19,OrangeX,XRP,orangex,5453592066.3417845,125117508.36511259,124421599.67257823,249539108.03769082,23,19,7,July,2024
23:12:21,2024-07-19,OrangeX,BTC,orangex,47187.90751319055,1083.1266296272026,1076.5728153333205,2159.699444960523,23,19,7,July,2024
23:12:25,2024-07-19,OrangeX,ETH,orangex,899733.3787439908,20652.01093754078,20527.049145652745,41179.06008319353,23,19,7,July,2024
23:12:29,2024-07-19,OrangeX,BNB,orangex,5328582.324289444,122309.50083949752,121569.4269340527,243878.9277735502,23,19,7,July,2024
23:12:33,2024-07-19,OrangeX,ADA,orangex,7215100415.01487,165611653.63716072,164609565.79890466,330221219.4360654,23,19,7,July,2024
23:12:37,2024-07-19,OrangeX,DOGE,orangex,25173376856.9154,577816569.2925562,574320299.8929433,1152136869.1854994,23,19,7,July,2024
23:12:43,2024-07-19,OrangeX,SOL,orangex,18374207.29876244,421751.9757157481,419200.02652410994,840952.002239858,23,19,7,July,2024
23:12:47,2024-07-19,OrangeX,USDT,orangex,3147087290.0209894,72236601.05356866,71799509.71486777,144036110.76843643,23,19,7,July,2024
23:12:51,2024-07-19,OrangeX,TONCOIN,orangex,429226467.39704394,9852240.57346883,9792626.348011747,19644866.921480577,23,19,7,July,2024
23:12:55,2024-07-19,OrangeX,USDC,orangex,3148078235.430146,72259346.69790274,71822117.72919177,144081464.4270945,23,19,7,July,2024
23:12:59,2024-07-19,OrangeX,XRP,orangex,5451465253.110628,125130091.52781324,124372950.7097244,249503042.23753765,23,19,7,July,2024
23:13:12,2024-07-19,OrangeX,BTC,orangex,47178.136053416005,1084.0363442677678,1074.0168317177647,2158.0531759855326,23,19,7,July,2024
23:13:16,2024-07-19,OrangeX,ETH,orangex,899302.8789602477,20663.745684945483,20472.75517036063,41136.50085530611,23,19,7,July,2024
23:13:20,2024-07-19,OrangeX,BNB,orangex,5324373.160467374,122340.86590143183,121210.09584214416,243550.961743576,23,19,7,July,2024
23:13:24,2024-07-19,OrangeX,ADA,orangex,7211305141.959634,165697874.42722112,164166364.95236692,329864239.379588,23,19,7,July,2024
23:13:28,2024-07-19,OrangeX,DOGE,orangex,25163606805.308662,578197161.0521735,572853010.2382525,1151050171.290426,23,19,7,July,2024
23:13:33,2024-07-19,OrangeX,SOL,orangex,18366061.078919623,422006.449937926,418105.9359526764,840112.3858906024,23,19,7,July,2024
23:13:38,2024-07-19,OrangeX,USDT,orangex,3145403877.541417,72273565.80588716,71605556.93011953,143879122.7360067,23,19,7,July,2024
23:13:42,2024-07-19,OrangeX,TONCOIN,orangex,429021276.15192145,9857842.94839997,9766729.046490926,19624571.994890895,23,19,7,July,2024
23:13:47,2024-07-19,OrangeX,USDC,orangex,3146382269.8934793,72296046.83115253,71627830.16814974,143923876.99930227,23,19,7,July,2024
23:13:51,2024-07-19,OrangeX,XRP,orangex,5445083916.694546,125114499.15277825,123958093.0035957,249072592.15637395,23,19,7,July,2024
23:14:04,2024-07-19,OrangeX,BTC,orangex,47182.94993141478,1121.2400503444287,1099.8658220635107,2221.1058724079394,23,19,7,July,2024
23:14:08,2024-07-19,OrangeX,ETH,orangex,899462.6493634832,21374.533549115138,20967.07025939713,42341.603808512264,23,19,7,July,2024
23:14:13,2024-07-19,OrangeX,BNB,orangex,5325376.953994923,126550.5003964318,124138.06491153556,250688.56530796736,23,19,7,July,2024
23:14:17,2024-07-19,OrangeX,ADA,orangex,7212275892.638119,171390144.03962246,168122929.26016733,339513073.2997898,23,19,7,July,2024
23:14:21,2024-07-19,OrangeX,DOGE,orangex,25169756184.80078,598330954.3385558,586919195.2802697,1185250149.6188254,23,19,7,July,2024
23:14:25,2024-07-19,OrangeX,SOL,orangex,18373479.56804809,436771.0788993955,428440.69538858806,865211.7742879835,23,19,7,July,2024
23:14:29,2024-07-19,OrangeX,USDT,orangex,3145762436.1196527,74780503.5021538,73354240.85932046,148134744.36147428,23,19,7,July,2024
23:14:34,2024-07-19,OrangeX,TONCOIN,orangex,429072524.00886065,10199835.50439412,10005297.574564008,20205133.078958128,23,19,7,July,2024
23:14:38,2024-07-19,OrangeX,USDC,orangex,3146698680.604322,74802759.73903958,73376072.61070865,148178832.34974822,23,19,7,July,2024
23:14:42,2024-07-19,OrangeX,XRP,orangex,5444078811.397115,129415670.41021094,126947370.1520026,256363040.56221354,23,19,7,July,2024
23:14:55,2024-07-19,OrangeX,BTC,orangex,47165.56047506954,1120.8250069933715,1102.0430391687057,2222.868046162077,23,19,7,July,2024
23:14:59,2024-07-19,OrangeX,ETH,orangex,899203.4392531622,21368.33933357183,21010.264291236464,42378.60362480829,23,19,7,July,2024
23:15:03,2024-07-19,OrangeX,BNB,orangex,5324967.650583685,126540.56994318237,124420.09538349781,250960.66532668017,23,19,7,July,2024
23:15:08,2024-07-19,OrangeX,ADA,orangex,7208762905.088917,171306386.5271057,168435759.06979835,339742145.59690404,23,19,7,July,2024
23:15:12,2024-07-19,OrangeX,DOGE,orangex,25157668168.720333,597837560.2267517,587819434.5153381,1185656994.7420897,23,19,7,July,2024
23:15:17,2024-07-19,OrangeX,SOL,orangex,18368202.565290038,436495.2003396397,429180.732195864,865675.9325355036,23,19,7,July,2024
23:15:21,2024-07-19,OrangeX,USDT,orangex,3144913089.1940374,74734556.30942027,73482209.13369162,148216765.4431119,23,19,7,July,2024
23:15:26,2024-07-19,OrangeX,TONCOIN,orangex,428962177.87522393,10193699.198613854,10022880.623753292,20216579.822367147,23,19,7,July,2024
23:15:30,2024-07-19,OrangeX,USDC,orangex,3145942703.5149555,74748787.60758975,73555212.11580078,148303999.72339052,23,19,7,July,2024
23:15:35,2024-07-19,OrangeX,XRP,orangex,5440859428.21532,129276876.32327719,127212605.90267132,256489482.2259485,23,19,7,July,2024
23:15:48,2024-07-19,OrangeX,BTC,orangex,47150.161826751886,1120.4923399051454,1102.9744803957763,2223.4668203009214,23,19,7,July,2024
23:15:52,2024-07-19,OrangeX,ETH,orangex,899021.1662476426,21364.642053498304,21030.625671027698,42395.267724526,23,19,7,July,2024
23:15:56,2024-07-19,OrangeX,BNB,orangex,5323743.245604909,126515.2291150258,124537.28073420929,251052.50984923504,23,19,7,July,2024
23:16:00,2024-07-19,OrangeX,ADA,orangex,7205801068.22765,171241085.65091655,168563889.94521582,339804975.59613234,23,19,7,July,2024
23:16:04,2024-07-19,OrangeX,DOGE,orangex,25146265096.376682,597584320.5214131,588241643.3793434,1185825963.9007564,23,19,7,July,2024
23:16:08,2024-07-19,OrangeX,SOL,orangex,18358015.72267865,436266.07409539603,429445.45826204354,865711.5323574395,23,19,7,July,2024
23:16:13,2024-07-19,OrangeX,USDT,orangex,3144185602.95302,74719486.56918527,73551316.63020828,148270803.19939354,23,19,7,July,2024
23:16:17,2024-07-19,OrangeX,TONCOIN,orangex,428853701.05593485,10191423.917881578,10032090.448088301,20223514.365969878,23,19,7,July,2024
23:16:22,2024-07-19,OrangeX,USDC,orangex,3145194270.3689866,74743456.8816787,73574912.18907626,148318369.07075495,23,19,7,July,2024
23:16:26,2024-07-19,OrangeX,XRP,orangex,5437995943.124004,129230368.73329557,127209971.66033968,256440340.39363524,23,19,7,July,2024
23:16:39,2024-07-19,OrangeX,BTC,orangex,47137.010776679126,1120.6426951629076,1101.934724151752,2222.57741931466,23,19,7,July,2024
23:16:43,2024-07-19,OrangeX,ETH,orangex,898778.8254565921,21367.70891321224,21010.99710788068,42378.70602109292,23,19,7,July,2024
23:16:47,2024-07-19,OrangeX,BNB,orangex,5323863.439660868,126570.36531159405,124457.40394099732,251027.76925259136,23,19,7,July,2024
23:16:51,2024-07-19,OrangeX,ADA,orangex,7204686088.634847,171285338.27531093,168425906.66796473,339711244.9432757,23,19,7,July,2024
23:16:55,2024-07-19,OrangeX,DOGE,orangex,25141861603.74823,597726565.2784404,587748138.3417431,1185474703.6201835,23,19,7,July,2024
23:17:01,2024-07-19,OrangeX,SOL,orangex,18355887.042821124,436395.74060453766,429110.5649639339,865506.3055684716,23,19,7,July,2024
23:17:05,2024-07-19,OrangeX,USDT,orangex,3144274255.6821413,74752469.83549225,73504554.64831357,148257024.48380584,23,19,7,July,2024
23:17:09,2024-07-19,OrangeX,TONCOIN,orangex,428839842.48523605,10195305.747170018,10025105.660031453,20220411.40720147,23,19,7,July,2024
23:17:13,2024-07-19,OrangeX,USDC,orangex,3145091182.8771462,74789737.72917224,73504064.45675823,148293802.1859305,23,19,7,July,2024
23:17:17,2024-07-19,OrangeX,XRP,orangex,5432068426.522731,129173670.7534504,126953110.2724295,256126781.02587992,23,19,7,July,2024
23:17:31,2024-07-19,OrangeX,BTC,orangex,47157.709080911074,1106.2179379304748,1092.8802347527069,2199.098172683182,23,19,7,July,2024
23:17:35,2024-07-19,OrangeX,ETH,orangex,899109.1184232064,21091.156766120643,20836.860050277686,41928.01681639833,23,19,7,July,2024
23:17:40,2024-07-19,OrangeX,BNB,orangex,5326352.957952348,124944.72909459022,123438.26671213427,248382.99580672447,23,19,7,July,2024
23:17:45,2024-07-19,OrangeX,ADA,orangex,7206793329.482103,169055796.20825744,167017485.35377494,336073281.5620324,23,19,7,July,2024
23:17:50,2024-07-19,OrangeX,DOGE,orangex,25149759655.065037,589959007.9182787,582845854.2937901,1172804862.2120688,23,19,7,July,2024
23:18:02,2024-07-19,OrangeX,SOL,orangex,18368382.031384367,430882.5447609008,425687.38087009126,856569.925630992,23,19,7,July,2024
23:18:06,2024-07-19,OrangeX,USDT,orangex,3145680340.0698214,73790862.34257,72901163.68066078,146692026.0232308,23,19,7,July,2024
23:18:10,2024-07-19,OrangeX,TONCOIN,orangex,428972872.7444659,10062776.499623952,9941449.298631994,20004225.798255946,23,19,7,July,2024
23:18:15,2024-07-19,OrangeX,USDC,orangex,3146670913.764387,73814099.06061946,72924120.23289701,146738219.2935165,23,19,7,July,2024
23:18:18,2024-07-19,OrangeX,XRP,orangex,5432585752.42344,127436720.86286663,125900212.46019435,253336933.32306096,23,19,7,July,2024
23:18:32,2024-07-19,OrangeX,BTC,orangex,47144.57239605004,1098.4060043498773,1082.6292723108274,2181.0352766607048,23,19,7,July,2024
23:18:36,2024-07-19,OrangeX,ETH,orangex,898908.8183548596,20943.383156589123,20642.567117033494,41585.95027362261,23,19,7,July,2024
23:18:40,2024-07-19,OrangeX,BNB,orangex,5324800.762155925,124060.794951847,122278.87286588275,246339.66781772973,23,19,7,July,2024
23:18:45,2024-07-19,OrangeX,ADA,orangex,7204391376.116894,167852763.17144585,165441844.02489823,333294607.1963441,23,19,7,July,2024
23:18:50,2024-07-19,OrangeX,DOGE,orangex,25140355006.600388,585785667.1040328,577372302.3390843,1163157969.443117,23,19,7,July,2024
23:18:54,2024-07-19,OrangeX,SOL,orangex,18364089.800620027,427894.53815549926,421748.8896144058,849643.4277699051,23,19,7,July,2024
23:19:00,2024-07-19,OrangeX,USDT,orangex,3144503238.650678,73268851.09140965,72216524.95105149,145485376.04246113,23,19,7,July,2024
23:19:05,2024-07-19,OrangeX,TONCOIN,orangex,428816113.93122107,9991678.05300324,9848172.267876346,19839850.320879586,23,19,7,July,2024
23:19:09,2024-07-19,OrangeX,USDC,orangex,3145485757.13137,73291744.37368442,72239089.4278514,145530833.80153582,23,19,7,July,2024
23:19:15,2024-07-19,OrangeX,XRP,orangex,5427475482.066449,126463502.40950727,124647166.44402665,251110668.8535339,23,19,7,July,2024
23:19:28,2024-07-19,OrangeX,BTC,orangex,47154.020258794604,1098.147844814955,1082.252408885684,2180.400253700639,23,19,7,July,2024
23:19:33,2024-07-19,OrangeX,ETH,orangex,899099.752555365,20938.712120907352,20635.629108423345,41574.34122933069,23,19,7,July,2024
23:19:37,2024-07-19,OrangeX,BNB,orangex,5325940.618370116,124033.33118950228,122237.97742331699,246271.30861281924,23,19,7,July,2024
23:19:41,2024-07-19,OrangeX,ADA,orangex,7205721425.726646,167810664.08696792,165381643.55768543,333192307.6446533,23,19,7,July,2024
23:19:46,2024-07-19,OrangeX,DOGE,orangex,25143723639.50962,585678831.1316894,577504753.5076472,1163183584.6393366,23,19,7,July,2024
23:19:51,2024-07-19,OrangeX,SOL,orangex,18369193.722316086,427878.06859332294,421906.3510573673,849784.4196506902,23,19,7,July,2024
23:19:55,2024-07-19,OrangeX,USDT,orangex,3145013943.678622,73257569.8347313,72235144.18000731,145492714.0147386,23,19,7,July,2024
23:20:00,2024-07-19,OrangeX,TONCOIN,orangex,428908427.7084387,9990667.65942661,9851232.035970042,19841899.695396647,23,19,7,July,2024
23:20:04,2024-07-19,OrangeX,USDC,orangex,3146026831.7279615,73281163.2808457,72258408.34213586,145539571.62298155,23,19,7,July,2024
23:20:08,2024-07-19,OrangeX,XRP,orangex,5426734372.453069,126406235.19764642,124642035.56510724,251048270.76275364,23,19,7,July,2024
23:20:23,2024-07-19,OrangeX,BTC,orangex,47145.14275697118,1098.2476008083977,1082.9441295974161,2181.1917304058143,23,19,7,July,2024
23:20:27,2024-07-19,OrangeX,ETH,orangex,898907.2399557603,20940.07276040617,20648.28446020059,41588.35722060676,23,19,7,July,2024
23:20:32,2024-07-19,OrangeX,BNB,orangex,5325649.938284132,124061.1847887784,122332.4609851317,246393.64577391013,23,19,7,July,2024
23:20:36,2024-07-19,OrangeX,ADA,orangex,7202398557.423465,167780103.59479842,165442180.90482527,333222284.4996237,23,19,7,July,2024
23:20:40,2024-07-19,OrangeX,DOGE,orangex,25134378197.24867,585691858.9466552,577521620.0957559,1163213479.0424113,23,19,7,July,2024
23:20:45,2024-07-19,OrangeX,SOL,orangex,18373459.95277517,428146.09657623374,422173.57737748796,850319.6739537218,23,19,7,July,2024
23:20:48,2024-07-19,OrangeX,USDT,orangex,3144178834.6981564,73266978.4827489,72244924.47099547,145511902.95374438,23,19,7,July,2024
23:20:53,2024-07-19,OrangeX,TONCOIN,orangex,428798444.5199966,9992041.820706047,9852655.610984499,19844697.431690548,23,19,7,July,2024
23:20:57,2024-07-19,OrangeX,USDC,orangex,3144517076.116447,73292076.72218339,72271651.50433573,145563728.2265191,23,19,7,July,2024
23:21:01,2024-07-19,OrangeX,XRP,orangex,5417023472.8200245,126259419.2893138,124501544.47943519,250760963.768749,23,19,7,July,2024
23:21:15,2024-07-19,OrangeX,BTC,orangex,47155.75305425006,1098.4321576913276,1080.9677247774118,2179.399882468739,23,19,7,July,2024
23:21:19,2024-07-19,OrangeX,ETH,orangex,898789.7528741284,20886.013694358153,20577.031679885004,41463.04537424316,23,19,7,July,2024
23:21:24,2024-07-19,OrangeX,BNB,orangex,5325471.863008861,123752.94433880699,121922.1768884765,245675.1212272835,23,19,7,July,2024
23:21:28,2024-07-19,OrangeX,ADA,orangex,7201824017.915858,167355485.06371698,164879673.46726638,332235158.5309833,23,19,7,July,2024
23:21:32,2024-07-19,OrangeX,DOGE,orangex,25141396515.262886,584234021.6206353,575591022.1681905,1159825043.7888258,23,19,7,July,2024
23:21:36,2024-07-19,OrangeX,SOL,orangex,18379439.24157761,427100.12933132914,420781.7260077603,847881.8553390894,23,19,7,July,2024
23:21:41,2024-07-19,OrangeX,USDT,orangex,3144678136.9286203,73075811.58130762,71994747.87034436,145070559.45165196,23,19,7,July,2024
23:21:45,2024-07-19,OrangeX,TONCOIN,orangex,428887563.9846364,9966459.348338297,9819018.25538114,19785477.60371944,23,19,7,July,2024
23:21:49,2024-07-19,OrangeX,USDC,orangex,3145680421.6654067,73099102.60423176,72017694.3322006,145116796.93643236,23,19,7,July,2024
23:21:54,2024-07-19,OrangeX,XRP,orangex,5413359079.888894,125940803.7782182,123904876.67003988,249845680.44825807,23,19,7,July,2024
23:22:06,2024-07-19,OrangeX,BTC,orangex,47139.39881349494,1096.9021479524092,1079.1338331083032,2176.0359810607124,23,19,7,July,2024
23:22:11,2024-07-19,OrangeX,ETH,orangex,898532.9663295591,20908.25860279719,20569.573404313465,41477.83200711066,23,19,7,July,2024
23:22:15,2024-07-19,OrangeX,BNB,orangex,5323992.941360378,123885.73974324495,121878.9601662681,245764.69990951303,23,19,7,July,2024
23:22:20,2024-07-19,OrangeX,ADA,orangex,7199625842.893328,167530457.54292804,164816693.2193222,332347150.76225024,23,19,7,July,2024
23:22:24,2024-07-19,OrangeX,DOGE,orangex,25129360471.95128,585991489.6999633,577010673.6463343,1163002163.3462975,23,19,7,July,2024
23:22:28,2024-07-19,OrangeX,SOL,orangex,18376328.929495726,428517.56520549353,421950.1704625596,850467.735668053,23,19,7,July,2024
23:22:33,2024-07-19,OrangeX,USDT,orangex,3143346431.351577,73299687.0336886,72176307.22765219,145475994.26134077,23,19,7,July,2024
23:22:37,2024-07-19,OrangeX,TONCOIN,orangex,428671881.57509106,9996198.461041396,9842998.250471532,19839196.711512927,23,19,7,July,2024
23:22:42,2024-07-19,OrangeX,USDC,orangex,3144158512.6045,73318623.95425564,72194953.92386746,145513577.8781231,23,19,7,July,2024
23:22:46,2024-07-19,OrangeX,XRP,orangex,5410621364.010613,126170265.13022254,124236598.92091921,250406864.0511417,23,19,7,July,2024
23:22:58,2024-07-19,OrangeX,BTC,orangex,47157.11426516207,1096.9594751023592,1080.1410062663524,2177.100481368712,23,19,7,July,2024
23:23:03,2024-07-19,OrangeX,ETH,orangex,898864.2432918358,20909.202436887128,20588.624714963786,41497.82715185092,23,19,7,July,2024
