Time,Date,Name,Coin_Name,Code,Volume,Bid_Total,Ask_Total,Depth,Hour,Day,Month_Number,Month_Name,Year
14:50:28,2024-07-15,OrangeX,BTC,orangex,51264.90644013034,1145.8060559132912,1166.3584913504912,2312.1645472637824,14,15,7,July,2024
14:57:13,2024-07-15,OrangeX,BTC,orangex,51426.62111189744,1074.7139112080565,1093.7095480407513,2168.423459248808,14,15,7,July,2024
14:59:25,2024-07-15,OrangeX,BTC,orangex,51448.72173979137,1075.9433838423631,1161.087072255984,2237.0304560983473,14,15,7,July,2024
15:01:47,2024-07-15,OrangeX,ETH,orangex,962875.0482905713,21413.658124987338,22923.309370514016,44336.967495501354,15,15,7,July,2024
15:02:35,2024-07-15,OrangeX,BNB,orangex,5647732.930126846,122996.82475409427,133391.23950808158,256388.06426217585,15,15,7,July,2024
15:02:58,2024-07-15,OrangeX,ADA,orangex,7486131978.860332,165436746.48014605,176514012.41632304,341950758.8964691,15,15,7,July,2024
15:03:20,2024-07-15,OrangeX,DOGE,orangex,27029403577.678444,583799378.6141092,610020240.7246563,1193819619.3387654,15,15,7,July,2024
15:03:54,2024-07-15,OrangeX,SOL,orangex,21001132.79860533,454544.099000366,474422.6168505046,928966.7158508707,15,15,7,July,2024
15:04:30,2024-07-15,OrangeX,USDT,orangex,3268602446.8835006,68335484.18653901,72512948.78277802,140848432.96931702,15,15,7,July,2024
15:04:56,2024-07-15,OrangeX,TONCOIN,orangex,434333081.5733207,9090116.151298039,9665606.594099745,18755722.745397788,15,15,7,July,2024
15:05:16,2024-07-15,OrangeX,USDC,orangex,3274149512.864274,68480584.30870555,72916881.78546043,141397466.09416598,15,15,7,July,2024
15:06:51,2024-07-15,OrangeX,XRP,orangex,6129837828.720458,127980968.40851773,136376939.93123078,264357908.33974853,15,15,7,July,2024
15:10:47,2024-07-15,OrangeX,BTC,orangex,51727.20141914606,1028.0901379305092,1161.9833102197863,2190.0734481502955,15,15,7,July,2024
15:10:49,2024-07-15,OrangeX,ETH,orangex,967979.2317738819,19238.811971372787,21744.375900922063,40983.187872294846,15,15,7,July,2024
15:10:52,2024-07-15,OrangeX,BNB,orangex,5680677.369357221,112904.78162306894,127608.9197335374,240513.70135660633,15,15,7,July,2024
15:10:55,2024-07-15,OrangeX,ADA,orangex,7507726291.689585,149217803.14816573,168651162.4310025,317868965.5791682,15,15,7,July,2024
15:10:57,2024-07-15,OrangeX,DOGE,orangex,27094520783.26505,538509891.2178471,608642649.9946702,1147152541.2125173,15,15,7,July,2024
15:11:00,2024-07-15,OrangeX,SOL,orangex,21100191.032464337,419371.19569157757,473987.9434710295,893359.139162607,15,15,7,July,2024
15:11:03,2024-07-15,OrangeX,USDT,orangex,3285535227.4591746,65300775.46247837,73805212.62906852,139105988.0915469,15,15,7,July,2024
15:11:05,2024-07-15,OrangeX,TONCOIN,orangex,436384671.950253,8673246.67230184,9802805.714021198,18476052.38632304,15,15,7,July,2024
15:11:08,2024-07-15,OrangeX,USDC,orangex,3290955742.466116,65408509.45674543,73926977.34469318,139335486.8014386,15,15,7,July,2024
15:11:10,2024-07-15,OrangeX,XRP,orangex,6150915488.675242,122250873.42170443,138172198.46282962,260423071.88453406,15,15,7,July,2024
15:11:22,2024-07-15,OrangeX,BTC,orangex,51712.851477744276,1026.6579315524011,1162.5783251027763,2189.2362566551774,15,15,7,July,2024
15:11:24,2024-07-15,OrangeX,ETH,orangex,967745.8693142977,19212.7091055149,21756.301184759628,40969.01029027453,15,15,7,July,2024
15:11:27,2024-07-15,OrangeX,BNB,orangex,5679867.21157134,112762.69933468572,127691.4794086853,240454.17874337104,15,15,7,July,2024
15:11:29,2024-07-15,OrangeX,ADA,orangex,7507563965.840279,149048058.11151397,168780697.47836056,317828755.58987457,15,15,7,July,2024
15:11:32,2024-07-15,OrangeX,DOGE,orangex,27085660784.706833,537733033.111213,608924111.6966537,1146657144.8078668,15,15,7,July,2024
15:11:35,2024-07-15,OrangeX,SOL,orangex,21098185.73345362,418863.37932724477,474317.17129855184,893180.5506257965,15,15,7,July,2024
15:11:37,2024-07-15,OrangeX,USDT,orangex,3285032160.2684507,65217914.43265887,73852187.17705567,139070101.60971454,15,15,7,July,2024
15:11:40,2024-07-15,OrangeX,TONCOIN,orangex,436331444.2127967,8662510.868880864,9809350.385965524,18471861.254846387,15,15,7,July,2024
15:11:42,2024-07-15,OrangeX,USDC,orangex,3294214977.4677896,65350486.01511445,74003697.61061053,139354183.62572497,15,15,7,July,2024
15:11:45,2024-07-15,OrangeX,XRP,orangex,6158402317.511458,122170103.4324546,138346934.24286613,260517037.67532074,15,15,7,July,2024
15:11:56,2024-07-15,OrangeX,BTC,orangex,51756.630338297844,1028.0455195250872,1159.432865445302,2187.4783849703895,15,15,7,July,2024
15:11:59,2024-07-15,OrangeX,ETH,orangex,968626.1823482595,19239.888693467972,21698.80501888796,40938.69371235593,15,15,7,July,2024
15:12:01,2024-07-15,OrangeX,BNB,orangex,5685214.945203699,112925.81672630477,127358.07975722179,240283.89648352657,15,15,7,July,2024
15:12:04,2024-07-15,OrangeX,ADA,orangex,7514665571.774203,149264320.75071537,168340755.1804669,317605075.9311823,15,15,7,July,2024
15:12:06,2024-07-15,OrangeX,DOGE,orangex,27109691182.821487,538481666.4848775,607301262.1568918,1145782928.6417694,15,15,7,July,2024
15:12:09,2024-07-15,OrangeX,SOL,orangex,21113192.209720396,419707.4434049597,473010.3496695539,892717.7930745137,15,15,7,July,2024
15:12:12,2024-07-15,OrangeX,USDT,orangex,3287720168.9439425,65356323.81081128,73656586.42617993,139012910.23699123,15,15,7,July,2024
15:12:15,2024-07-15,OrangeX,TONCOIN,orangex,436672478.69794196,8680576.950142164,9783011.483450126,18463588.43359229,15,15,7,July,2024
15:12:17,2024-07-15,OrangeX,USDC,orangex,3293440399.4656477,65470035.811540686,73784739.86751583,139254775.67905653,15,15,7,July,2024
15:12:20,2024-07-15,OrangeX,XRP,orangex,6156727146.244045,122389081.88892114,137932513.06281254,260321594.9517337,15,15,7,July,2024
15:12:31,2024-07-15,OrangeX,BTC,orangex,51799.7363470183,1032.7049376457057,1161.7017931344753,2194.406730780181,15,15,7,July,2024
15:12:33,2024-07-15,OrangeX,ETH,orangex,969348.6738201632,19325.410365954922,21739.378845588075,41064.789211543,15,15,7,July,2024
15:12:36,2024-07-15,OrangeX,BNB,orangex,5691299.871488963,113474.21265664339,127648.46134876396,241122.67400540737,15,15,7,July,2024
15:12:39,2024-07-15,OrangeX,ADA,orangex,7521033895.553461,149955795.5006468,168687018.1149198,318642813.6155667,15,15,7,July,2024
15:12:42,2024-07-15,OrangeX,DOGE,orangex,27139313130.971222,541108755.313814,608699531.1186179,1149808286.432432,15,15,7,July,2024
15:12:44,2024-07-15,OrangeX,SOL,orangex,21123745.450320363,421169.2297821851,473778.1641350957,894947.393917281,15,15,7,July,2024
15:12:47,2024-07-15,OrangeX,USDT,orangex,3291641383.994182,65629368.12869851,73827239.37701198,139456607.5057105,15,15,7,July,2024
15:12:49,2024-07-15,OrangeX,TONCOIN,orangex,437208765.86124873,8717151.01873703,9806024.54809319,18523175.56683022,15,15,7,July,2024
15:12:52,2024-07-15,OrangeX,USDC,orangex,3297291857.08879,65742028.32936027,73953972.146802,139696000.47616228,15,15,7,July,2024
15:12:55,2024-07-15,OrangeX,XRP,orangex,6167775950.363736,122974282.78489235,138335200.70729733,261309483.49218974,15,15,7,July,2024
15:13:05,2024-07-15,OrangeX,BTC,orangex,51781.91681427591,1030.293975897736,1156.8852753209558,2187.1792512186917,15,15,7,July,2024
15:13:08,2024-07-15,OrangeX,ETH,orangex,968950.1704489585,19278.999020820742,21647.792389235936,40926.791410056685,15,15,7,July,2024
15:13:11,2024-07-15,OrangeX,BNB,orangex,5689550.583854335,113203.79879206172,127113.04831110795,240316.8471031697,15,15,7,July,2024
15:13:13,2024-07-15,OrangeX,ADA,orangex,7518608993.399365,149596191.67466363,167976941.96135694,317573133.6360206,15,15,7,July,2024
15:13:17,2024-07-15,OrangeX,DOGE,orangex,27137238271.318336,539943957.92109,606286389.1571739,1146230347.078264,15,15,7,July,2024
15:13:19,2024-07-15,OrangeX,SOL,orangex,21116610.947831616,420152.7944390237,471776.5925477028,891929.3869867265,15,15,7,July,2024
15:13:22,2024-07-15,OrangeX,USDT,orangex,3290642761.3015475,65473231.243262626,73517868.61319348,138991099.85645613,15,15,7,July,2024
15:13:24,2024-07-15,OrangeX,TONCOIN,orangex,437086260.32689685,8696613.966177462,9765159.146790843,18461773.112968307,15,15,7,July,2024
15:13:27,2024-07-15,OrangeX,USDC,orangex,3296184393.267399,65583491.9362288,73641676.93889791,139225168.87512672,15,15,7,July,2024
15:13:30,2024-07-15,OrangeX,XRP,orangex,6166563507.985966,122694825.2428765,137770228.69407776,260465053.9369543,15,15,7,July,2024
15:13:41,2024-07-15,OrangeX,BTC,orangex,51766.40575226247,1021.4683856014015,1169.208917095702,2190.6773026971036,15,15,7,July,2024
15:13:44,2024-07-15,OrangeX,ETH,orangex,969900.5581128526,19001.10591461588,21737.78363379106,40738.88954840694,15,15,7,July,2024
15:13:46,2024-07-15,OrangeX,BNB,orangex,5692298.217176274,111516.54715262119,127577.97280243953,239094.51995506074,15,15,7,July,2024
15:13:49,2024-07-15,OrangeX,ADA,orangex,7520438072.4094305,147331228.0757906,168550945.02413875,315882173.09992933,15,15,7,July,2024
15:13:51,2024-07-15,OrangeX,DOGE,orangex,27164119256.640835,532166213.0775194,608812668.5402418,1140978881.6177614,15,15,7,July,2024
15:13:54,2024-07-15,OrangeX,SOL,orangex,21115092.888604708,413661.0841362646,473239.567479951,886900.6516162156,15,15,7,July,2024
15:13:56,2024-07-15,OrangeX,USDT,orangex,3290298926.577412,64459513.78385528,73743442.62219985,138202956.40605515,15,15,7,July,2024
15:13:59,2024-07-15,OrangeX,TONCOIN,orangex,437096948.05196774,8563069.002713606,9796384.59248988,18359453.595203485,15,15,7,July,2024
15:14:02,2024-07-15,OrangeX,USDC,orangex,3295857972.3631535,64568419.81228833,73868034.09035604,138436453.90264437,15,15,7,July,2024
15:14:04,2024-07-15,OrangeX,XRP,orangex,6165627924.753931,120789444.08106151,138186419.91044864,258975863.99151018,15,15,7,July,2024
15:14:15,2024-07-15,OrangeX,BTC,orangex,51811.61595952717,1015.8164442649212,1160.1843624357505,2176.000806700672,15,15,7,July,2024
15:14:18,2024-07-15,OrangeX,ETH,orangex,969813.3198188037,19014.120673415233,21716.40909665126,40730.529770066496,15,15,7,July,2024
15:14:21,2024-07-15,OrangeX,BNB,orangex,5691786.227432381,111592.93027229441,127452.52687259528,239045.45714488972,15,15,7,July,2024
15:14:24,2024-07-15,OrangeX,ADA,orangex,7519809513.7215605,147433080.7930252,168386282.58825994,315819363.38128513,15,15,7,July,2024
15:14:26,2024-07-15,OrangeX,DOGE,orangex,27162598961.67414,532548815.2269874,608234697.46755,1140783512.6945374,15,15,7,July,2024
15:14:29,2024-07-15,OrangeX,SOL,orangex,21109673.777717244,413387.8688970291,472637.93452017626,886025.8034172053,15,15,7,July,2024
15:14:32,2024-07-15,OrangeX,USDT,orangex,3289464896.2632685,64417143.41949002,73649925.17731942,138067068.59680945,15,15,7,July,2024
15:14:34,2024-07-15,OrangeX,TONCOIN,orangex,436986380.64785045,8557444.82530679,9783966.46663774,18341411.29194453,15,15,7,July,2024
15:14:37,2024-07-15,OrangeX,USDC,orangex,3294964625.422041,64524843.867180295,73773062.11716008,138297905.98434037,15,15,7,July,2024
15:14:39,2024-07-15,OrangeX,XRP,orangex,6164835565.250918,120725135.93790245,138028430.8937247,258753566.83162716,15,15,7,July,2024
15:14:51,2024-07-15,OrangeX,BTC,orangex,51786.10163687455,1014.5387004820728,1160.1237569527432,2174.6624574348157,15,15,7,July,2024
15:14:53,2024-07-15,OrangeX,ETH,orangex,969355.3465945902,18990.58787115104,21715.71388785109,40706.301759002126,15,15,7,July,2024
15:14:56,2024-07-15,OrangeX,BNB,orangex,5688574.386932327,111444.55140845088,127436.70755038856,238881.2589588394,15,15,7,July,2024
15:14:59,2024-07-15,OrangeX,ADA,orangex,7514774258.645279,147221533.76676235,168347642.90084317,315569176.6676055,15,15,7,July,2024
15:15:01,2024-07-15,OrangeX,DOGE,orangex,27146903095.822052,531833502.0092909,608150955.8296591,1139984457.83895,15,15,7,July,2024
15:15:04,2024-07-15,OrangeX,SOL,orangex,21095723.195855275,413285.1657173752,472591.07899684366,885876.2447142188,15,15,7,July,2024
15:15:07,2024-07-15,OrangeX,USDT,orangex,3290060566.549287,64431212.905585594,73626321.70438266,138057534.60996827,15,15,7,July,2024
15:15:09,2024-07-15,OrangeX,TONCOIN,orangex,437036102.5017777,8558737.931457935,9780172.744045867,18338910.675503805,15,15,7,July,2024
15:15:12,2024-07-15,OrangeX,USDC,orangex,3295555083.488946,64538815.29879133,73749280.25290379,138288095.5516951,15,15,7,July,2024
15:15:14,2024-07-15,OrangeX,XRP,orangex,6165383736.21833,120740376.69451126,137971480.22411013,258711856.91862142,15,15,7,July,2024
15:15:24,2024-07-15,OrangeX,BTC,orangex,51805.10960188388,1015.0215578179593,1159.4415656896924,2174.4631235076517,15,15,7,July,2024
15:15:28,2024-07-15,OrangeX,ETH,orangex,969800.2244523781,19001.371528032887,21704.937974002296,40706.30950203518,15,15,7,July,2024
15:15:30,2024-07-15,OrangeX,BNB,orangex,5690639.242596796,111497.13905422497,127361.25304851592,238858.3921027409,15,15,7,July,2024
15:15:34,2024-07-15,OrangeX,ADA,orangex,7517445892.5416565,147289904.39936015,168246709.68979263,315536614.08915275,15,15,7,July,2024
15:15:36,2024-07-15,OrangeX,DOGE,orangex,27158924270.259567,532126924.0294472,607839379.5582751,1139966303.5877223,15,15,7,July,2024
15:15:38,2024-07-15,OrangeX,SOL,orangex,21102302.79159724,413459.06644495146,472287.13878558687,885746.2052305383,15,15,7,July,2024
15:15:41,2024-07-15,OrangeX,USDT,orangex,3289205115.7855015,64445652.68299312,73615154.1542575,138060806.83725065,15,15,7,July,2024
15:15:44,2024-07-15,OrangeX,TONCOIN,orangex,436957069.08750975,7892936.553387214,9419208.8032323,17312145.356619515,15,15,7,July,2024
15:15:47,2024-07-15,OrangeX,USDC,orangex,3294378852.5572944,59507729.94783107,71014853.5964651,130522583.54429618,15,15,7,July,2024
15:15:49,2024-07-15,OrangeX,XRP,orangex,6162332121.41876,111312757.92569306,132837518.99865519,244150276.92434824,15,15,7,July,2024
15:16:01,2024-07-15,OrangeX,BTC,orangex,51783.39295571574,930.7249311947894,1126.1864339283031,2056.9113651230923,15,15,7,July,2024
15:16:03,2024-07-15,OrangeX,ETH,orangex,969742.1831594731,17429.58842943416,21089.975545174657,38519.56397460881,15,15,7,July,2024
15:16:06,2024-07-15,OrangeX,BNB,orangex,5691254.534661309,102291.33671705474,123773.53593747175,226064.87265452647,15,15,7,July,2024
15:16:09,2024-07-15,OrangeX,ADA,orangex,7518293790.336802,135129489.80955228,163508028.14727765,298637517.9568299,15,15,7,July,2024
15:16:12,2024-07-15,OrangeX,DOGE,orangex,27146817387.881676,487921287.1798671,590389615.6960261,1078310902.875893,15,15,7,July,2024
15:16:14,2024-07-15,OrangeX,SOL,orangex,21104648.70824623,379322.82138543343,458984.3907751502,838307.2121605836,15,15,7,July,2024
15:16:17,2024-07-15,OrangeX,USDT,orangex,3289597196.4795775,59125328.59657049,71542236.30985467,130667564.90642516,15,15,7,July,2024
15:23:07,2024-07-15,OrangeX,BTC,orangex,52593.19111455016,1098.0546099339836,1089.5808425082855,2187.635452442269,15,15,7,July,2024
15:23:10,2024-07-15,OrangeX,ETH,orangex,980117.0720475975,20463.144495126875,20305.228918177032,40768.37341330391,15,15,7,July,2024
15:23:12,2024-07-15,OrangeX,BNB,orangex,5779182.615464498,120659.3092771189,119728.17259656606,240387.48187368497,15,15,7,July,2024
15:23:15,2024-07-15,OrangeX,ADA,orangex,7672017734.657224,160178423.52800342,158942314.96353698,319120738.49154043,15,15,7,July,2024
15:23:18,2024-07-15,OrangeX,DOGE,orangex,27511981055.38911,574402446.1358228,569969740.6098202,1144372186.7456431,15,15,7,July,2024
15:23:21,2024-07-15,OrangeX,SOL,orangex,21378447.501103893,446344.90386198286,442900.427719581,889245.3315815639,15,15,7,July,2024
15:23:24,2024-07-15,OrangeX,USDT,orangex,3350090378.4051957,69944076.51916774,69404312.98476183,139348389.5039296,15,15,7,July,2024
15:23:27,2024-07-15,OrangeX,TONCOIN,orangex,444150241.80601233,9273086.690179186,9201525.60458287,18474612.29476206,15,15,7,July,2024
15:23:29,2024-07-15,OrangeX,USDC,orangex,3355794961.4348316,70063178.31848238,69522495.6668138,139585673.9852962,15,15,7,July,2024
15:23:32,2024-07-15,OrangeX,XRP,orangex,6264851747.249596,130817637.94300288,129937591.1359115,260755229.07891437,15,15,7,July,2024
15:23:44,2024-07-15,OrangeX,BTC,orangex,52580.068917362514,1098.1958686500925,1089.9494831976808,2188.1453518477733,15,15,7,July,2024
15:23:46,2024-07-15,OrangeX,ETH,orangex,979759.0717654465,20463.40727655392,20309.746942464724,40773.15421901864,15,15,7,July,2024
15:23:49,2024-07-15,OrangeX,BNB,orangex,5777329.705551047,120666.24759349728,119760.16115012424,240426.4087436215,15,15,7,July,2024
15:23:52,2024-07-15,OrangeX,ADA,orangex,7670576271.932627,160208903.21085542,159005889.78993556,319214793.00079095,15,15,7,July,2024
15:23:54,2024-07-15,OrangeX,DOGE,orangex,27505693554.844017,574488387.867263,570174537.4699643,1144662925.337227,15,15,7,July,2024
15:23:57,2024-07-15,OrangeX,SOL,orangex,21371542.225098807,446369.5058135311,443017.70391350624,889387.2097270372,15,15,7,July,2024
15:23:59,2024-07-15,OrangeX,USDT,orangex,3349016641.4900966,69948106.10661556,69422863.69668885,139370969.80330437,15,15,7,July,2024
15:24:02,2024-07-15,OrangeX,TONCOIN,orangex,444015653.7935221,9273783.139736425,9204146.02621646,18477929.165952884,15,15,7,July,2024
15:24:05,2024-07-15,OrangeX,USDC,orangex,3354782901.207259,70068541.14463165,69542394.38442115,139610935.5290528,15,15,7,July,2024
15:24:07,2024-07-15,OrangeX,XRP,orangex,6262795403.461809,130805763.09422506,129823538.72727518,260629301.8215002,15,15,7,July,2024
15:24:18,2024-07-15,OrangeX,BTC,orangex,52552.481038507656,1100.3034599602256,1088.678012016029,2188.981471976255,15,15,7,July,2024
15:24:20,2024-07-15,OrangeX,ETH,orangex,980752.9308581181,20534.251130761906,20317.29292215792,40851.54405291983,15,15,7,July,2024
15:24:23,2024-07-15,OrangeX,BNB,orangex,5775942.313413174,120932.24118804911,119654.51052022268,240586.75170827183,15,15,7,July,2024
15:24:26,2024-07-15,OrangeX,ADA,orangex,7673009594.515291,160651577.97149232,158954185.72942105,319605763.70091337,15,15,7,July,2024
15:24:29,2024-07-15,OrangeX,DOGE,orangex,27506857717.80473,575917447.1202787,569832490.973823,1145749938.094102,15,15,7,July,2024
15:24:31,2024-07-15,OrangeX,SOL,orangex,21370305.076677106,447435.0240294787,442707.5713134315,890142.5953429103,15,15,7,July,2024
15:24:34,2024-07-15,OrangeX,USDT,orangex,3348647343.866765,70111404.5584907,69370630.29607156,139482034.85456228,15,15,7,July,2024
15:24:36,2024-07-15,OrangeX,TONCOIN,orangex,443978472.1099076,9295680.039395878,9197464.912081989,18493144.951477867,15,15,7,July,2024
15:24:39,2024-07-15,OrangeX,USDC,orangex,3354423735.7566957,70232346.21256635,69490294.12002589,139722640.33259225,15,15,7,July,2024
15:24:41,2024-07-15,OrangeX,XRP,orangex,6279070873.186074,131179215.46692999,129727135.11096156,260906350.57789156,15,15,7,July,2024
15:24:53,2024-07-15,OrangeX,BTC,orangex,52691.975773696235,1099.9595503691723,1089.7774139327216,2189.736964301894,15,15,7,July,2024
15:24:55,2024-07-15,OrangeX,ETH,orangex,983576.8517093294,20532.438491323388,20342.373238449756,40874.811729773144,15,15,7,July,2024
15:24:57,2024-07-15,OrangeX,BNB,orangex,5791742.901443426,120904.23302945858,119785.04333194907,240689.27636140765,15,15,7,July,2024
15:25:00,2024-07-15,OrangeX,ADA,orangex,7694792335.846747,160630915.687685,159143982.91920725,319774898.6068923,15,15,7,July,2024
15:25:03,2024-07-15,OrangeX,DOGE,orangex,27582331778.97844,575788795.4712806,570458817.5897299,1146247613.0610106,15,15,7,July,2024
15:25:05,2024-07-15,OrangeX,SOL,orangex,21429053.29160644,447337.4072118038,443196.48174610833,890533.8889579121,15,15,7,July,2024
15:25:08,2024-07-15,OrangeX,USDT,orangex,3357975008.8797545,70098655.94681592,69449764.7411141,139548420.68793002,15,15,7,July,2024
15:25:10,2024-07-15,OrangeX,TONCOIN,orangex,445198955.05941296,9293651.172527019,9207621.44152492,18501272.614051938,15,15,7,July,2024
15:25:13,2024-07-15,OrangeX,USDC,orangex,3363634941.126304,70216808.59601194,69566823.67155106,139783632.267563,15,15,7,July,2024
15:25:15,2024-07-15,OrangeX,XRP,orangex,6277448736.67046,131043476.51546034,129830429.58428964,260873906.09974998,15,15,7,July,2024
15:25:26,2024-07-15,OrangeX,BTC,orangex,52687.531723669556,1069.6680971162352,1135.0637198473148,2204.73181696355,15,15,7,July,2024
15:25:28,2024-07-15,OrangeX,ETH,orangex,983520.4561360802,19967.541093168154,21188.284039243194,41155.825132411344,15,15,7,July,2024
15:25:31,2024-07-15,OrangeX,BNB,orangex,5791762.103937439,117584.9948933079,124773.71444623209,242358.70933954,15,15,7,July,2024
15:25:34,2024-07-15,OrangeX,ADA,orangex,7695527336.648152,155761044.649816,165217935.3980844,320978980.04790044,15,15,7,July,2024
15:25:36,2024-07-15,OrangeX,DOGE,orangex,27577206498.707043,558175457.6201952,592064574.9726521,1150240032.5928473,15,15,7,July,2024
15:25:39,2024-07-15,OrangeX,SOL,orangex,21420008.338347398,433550.90940940724,459873.5601935937,893424.469603001,15,15,7,July,2024
15:25:41,2024-07-15,OrangeX,USDT,orangex,3358370450.6628613,67974976.48084016,72102015.61081417,140076992.09165433,15,15,7,July,2024
15:25:44,2024-07-15,OrangeX,TONCOIN,orangex,445196986.89786756,9010993.62274058,9558087.939006785,18569081.56174737,15,15,7,July,2024
15:25:46,2024-07-15,OrangeX,USDC,orangex,3363995613.497346,68088832.3871472,72222784.17534979,140311616.562497,15,15,7,July,2024
15:25:49,2024-07-15,OrangeX,XRP,orangex,6289037492.135108,127106049.83617498,134807832.66205406,261913882.49822903,15,15,7,July,2024
15:26:00,2024-07-15,OrangeX,BTC,orangex,52780.29003115705,1067.4452116196542,1131.4500857804433,2198.895297400097,15,15,7,July,2024
15:26:03,2024-07-15,OrangeX,ETH,orangex,985001.163343134,19920.973807262875,21115.451432732378,41036.425239995246,15,15,7,July,2024
15:26:05,2024-07-15,OrangeX,BNB,orangex,5803000.904403411,117361.71826212585,124398.82136296199,241760.5396250878,15,15,7,July,2024
15:26:08,2024-07-15,OrangeX,ADA,orangex,7710949495.23302,155948671.57547975,165299479.45871127,321248151.03419095,15,15,7,July,2024
15:26:10,2024-07-15,OrangeX,DOGE,orangex,27630700859.231983,558811997.9725636,592318815.2034954,1151130813.1760588,15,15,7,July,2024
15:26:13,2024-07-15,OrangeX,SOL,orangex,21460210.387076452,434018.0549313466,460042.12688089546,894060.181812242,15,15,7,July,2024
15:26:15,2024-07-15,OrangeX,USDT,orangex,3364802882.6366596,68050833.42653573,72131216.17835249,140182049.6048882,15,15,7,July,2024
15:26:18,2024-07-15,OrangeX,TONCOIN,orangex,445996894.2310357,9019981.679962737,9560827.042398393,18580808.72236113,15,15,7,July,2024
15:26:20,2024-07-15,OrangeX,USDC,orangex,3370489101.495126,68165833.30791393,72253111.54519075,140418944.85310468,15,15,7,July,2024
15:26:23,2024-07-15,OrangeX,XRP,orangex,6284596763.03338,127101664.61192706,134722782.73635954,261824447.34828657,15,15,7,July,2024
15:26:34,2024-07-15,OrangeX,BTC,orangex,52764.5991862604,1068.5705143648443,1129.3275011143517,2197.8980154791957,15,15,7,July,2024
15:26:36,2024-07-15,OrangeX,ETH,orangex,984833.23669761,19944.503976741835,21078.512399724263,41023.01637646609,15,15,7,July,2024
15:26:39,2024-07-15,OrangeX,BNB,orangex,5801376.072513568,117487.47284038793,124167.59804938218,241655.07088977008,15,15,7,July,2024
15:26:42,2024-07-15,OrangeX,ADA,orangex,7706600947.218339,156071431.70184556,164945371.02584237,321016802.7276879,15,15,7,July,2024
15:26:44,2024-07-15,OrangeX,DOGE,orangex,27634666765.60357,559647766.4083424,591468326.1851336,1151116092.5934758,15,15,7,July,2024
15:26:47,2024-07-15,OrangeX,SOL,orangex,21462970.942640856,434660.7053531359,459374.7268993595,894035.4322524953,15,15,7,July,2024
15:26:50,2024-07-15,OrangeX,USDT,orangex,3363771115.2334275,68121935.65845484,71995225.70952056,140117161.36797538,15,15,7,July,2024
15:26:52,2024-07-15,OrangeX,TONCOIN,orangex,446046125.8813472,9033172.72402572,9546782.587035898,18579955.311061617,15,15,7,July,2024
15:26:55,2024-07-15,OrangeX,USDC,orangex,3369481899.721367,68237588.50168335,72117454.3642366,140355042.86591995,15,15,7,July,2024
15:26:58,2024-07-15,OrangeX,XRP,orangex,6280482689.904825,127191629.36281024,134450938.5518979,261642567.91470817,15,15,7,July,2024
15:27:09,2024-07-15,OrangeX,BTC,orangex,52861.945367355926,1070.1518651692868,1132.4672027340891,2202.619067903376,15,15,7,July,2024
15:27:11,2024-07-15,OrangeX,ETH,orangex,986851.9548765436,19978.10433986141,21141.43671946378,41119.541059325195,15,15,7,July,2024
15:27:14,2024-07-15,OrangeX,BNB,orangex,5811853.694442105,117656.77611704063,124507.97355840559,242164.74967544625,15,15,7,July,2024
15:27:16,2024-07-15,OrangeX,ADA,orangex,7717999660.937784,156245323.0794071,165343545.83405757,321588868.91346467,15,15,7,July,2024
15:27:19,2024-07-15,OrangeX,DOGE,orangex,27688667869.718246,560537062.3217757,593177342.0736952,1153714404.395471,15,15,7,July,2024
15:27:21,2024-07-15,OrangeX,SOL,orangex,21501584.788035713,435284.03854810516,460630.7885576514,895914.8271057566,15,15,7,July,2024
15:27:24,2024-07-15,OrangeX,USDT,orangex,3370032892.2518525,68223879.39495453,72196581.03931828,140420460.43427283,15,15,7,July,2024
15:27:26,2024-07-15,OrangeX,TONCOIN,orangex,446900852.4942223,9047184.652757281,9574005.549862837,18621190.20262012,15,15,7,July,2024
15:27:29,2024-07-15,OrangeX,USDC,orangex,3375835755.8533363,68341354.17313941,72320896.41713785,140662250.59027725,15,15,7,July,2024
15:27:31,2024-07-15,OrangeX,XRP,orangex,6292307078.540359,127312112.29862422,134784586.2573687,262096698.55599293,15,15,7,July,2024
15:27:42,2024-07-15,OrangeX,BTC,orangex,52848.27309372875,1072.1541533776588,1136.3878490579177,2208.5420024355763,15,15,7,July,2024
15:27:45,2024-07-15,OrangeX,ETH,orangex,986572.5613716106,20014.994007600344,21214.109853093458,41229.1038606938,15,15,7,July,2024
15:27:47,2024-07-15,OrangeX,BNB,orangex,5810463.578518757,117879.209557327,124941.45638991256,242820.66594723955,15,15,7,July,2024
15:27:50,2024-07-15,OrangeX,ADA,orangex,7715311629.337638,156523627.42916,165901095.23020428,322424722.6593642,15,15,7,July,2024
15:27:52,2024-07-15,OrangeX,DOGE,orangex,27676464373.555492,561483554.5579544,595122526.7704154,1156606081.3283699,15,15,7,July,2024
15:27:55,2024-07-15,OrangeX,SOL,orangex,21496261.120050576,436103.2876339685,462230.6180880749,898333.9057220434,15,15,7,July,2024
15:27:58,2024-07-15,OrangeX,USDT,orangex,3369173536.901077,68351777.44847138,72446792.38452171,140798569.8329931,15,15,7,July,2024
15:28:00,2024-07-15,OrangeX,TONCOIN,orangex,446715847.2266578,9062703.90584466,9605658.445445525,18668362.351290185,15,15,7,July,2024
15:28:03,2024-07-15,OrangeX,USDC,orangex,3374958737.607258,68469144.1399857,72571190.61746313,141040334.7574488,15,15,7,July,2024
15:28:05,2024-07-15,OrangeX,XRP,orangex,6291203863.739678,127632180.90951174,135278736.80981943,262910917.71933115,15,15,7,July,2024
15:28:16,2024-07-15,OrangeX,BTC,orangex,52954.2282026695,1079.2234461652938,1137.774944041411,2216.9983902067047,15,15,7,July,2024
15:28:19,2024-07-15,OrangeX,ETH,orangex,988124.9603380761,20138.290390270355,21230.860303576286,41369.15069384664,15,15,7,July,2024
15:28:21,2024-07-15,OrangeX,BNB,orangex,5820888.578893138,118631.49827836722,125067.65563221935,243699.15391058658,15,15,7,July,2024
15:28:24,2024-07-15,OrangeX,ADA,orangex,7726550982.584476,157469483.76780024,166012732.32040024,323482216.0882005,15,15,7,July,2024
15:28:27,2024-07-15,OrangeX,DOGE,orangex,27705812180.76069,564652967.5796801,595287288.1640396,1159940255.7437196,15,15,7,July,2024
15:28:29,2024-07-15,OrangeX,SOL,orangex,21533406.5192436,438857.44311924,462666.9338600284,901524.3769792684,15,15,7,July,2024
15:28:32,2024-07-15,OrangeX,USDT,orangex,3374985012.1595564,68783231.8439009,72514953.26593883,141298185.10983974,15,15,7,July,2024
15:28:35,2024-07-15,OrangeX,TONCOIN,orangex,447338965.49256444,9116905.605633305,9611528.365268236,18728433.97090154,15,15,7,July,2024
15:33:09,2024-07-15,OrangeX,BTC,orangex,53726.15176299187,1010.0390426744494,1159.3499271927776,2169.3889698672274,15,15,7,July,2024
15:33:11,2024-07-15,OrangeX,ETH,orangex,1005524.5679456574,18903.62586313243,21698.08922442409,40601.71508755652,15,15,7,July,2024
15:33:18,2024-07-15,OrangeX,BNB,orangex,5876062.67053995,110468.59899121746,126798.8233983897,237267.42238960718,15,15,7,July,2024
15:33:25,2024-07-15,OrangeX,ADA,orangex,7806071978.3059025,147281428.03592202,167619029.3142342,314900457.35015625,15,15,7,July,2024
15:33:33,2024-07-15,OrangeX,DOGE,orangex,28120241253.381264,530559966.65450406,603823223.2643065,1134383189.9188106,15,15,7,July,2024
15:33:40,2024-07-15,OrangeX,SOL,orangex,21865763.025146298,412553.3062452641,469521.41661977227,882074.7228650363,15,15,7,July,2024
15:33:47,2024-07-15,OrangeX,USDT,orangex,3402918072.6773224,64204715.84505329,73070530.96144086,137275246.80649418,15,15,7,July,2024
15:33:55,2024-07-15,OrangeX,TONCOIN,orangex,451837083.2001318,8525057.293635588,9702254.027974967,18227311.321610555,15,15,7,July,2024
15:34:02,2024-07-15,OrangeX,USDC,orangex,3408887335.071085,64317341.18236992,73198708.35603128,137516049.5384012,15,15,7,July,2024
15:34:09,2024-07-15,OrangeX,XRP,orangex,6382913389.994202,120429916.82892144,137059682.4627088,257489599.29163024,15,15,7,July,2024
15:34:24,2024-07-15,OrangeX,BTC,orangex,53712.502540055575,1017.0833770395734,1148.3123069221056,2165.395683961679,15,15,7,July,2024
15:34:26,2024-07-15,OrangeX,ETH,orangex,1004756.9232540888,19025.767117163683,21480.561989779635,40506.32910694332,15,15,7,July,2024
15:34:34,2024-07-15,OrangeX,BNB,orangex,5880305.667918016,111347.65397108256,125714.25734443325,237061.91131551578,15,15,7,July,2024
15:34:41,2024-07-15,OrangeX,ADA,orangex,7805792639.906917,147808081.23297992,166878982.1699831,314687063.402963,15,15,7,July,2024
15:34:48,2024-07-15,OrangeX,DOGE,orangex,28117222410.7283,532419049.0128432,601114284.4559768,1133533333.4688199,15,15,7,July,2024
15:34:55,2024-07-15,OrangeX,SOL,orangex,21878220.639065623,414279.23628402094,467731.51175857085,882010.7480425917,15,15,7,July,2024
15:35:02,2024-07-15,OrangeX,USDT,orangex,3403489401.9243045,64450296.42624345,72767173.40616378,137217469.83240724,15,15,7,July,2024
15:35:09,2024-07-15,OrangeX,TONCOIN,orangex,451695976.9326965,8553556.709004078,9657335.633759996,18210892.342764076,15,15,7,July,2024
15:35:17,2024-07-15,OrangeX,USDC,orangex,3409459966.396162,64563358.229763575,72894825.0744812,137458183.30424482,15,15,7,July,2024
15:35:24,2024-07-15,OrangeX,XRP,orangex,6381168661.349202,120837224.15509315,136430454.653933,257267678.80902618,15,15,7,July,2024
