Time,Date,Name,Age,Exchanges,Markets,All_Time_High,Circulating_Supply,Total_Supply,Max_Supply,Rate,Volume,Cap,Liquidity,Delta_Hour_Change,Delta_Day_Change,Delta_Week_Change,Delta_Month_Change,Delta_Quarter_Change,Delta_Year_Change,Day,Month_Number,Month_Name,Year
16:04:58,2024-06-05,Bitcoin,5632,194,3040,73781.24185982272,19707975,19707975,21000000,71227.7091250716,26617966615,1403753910744,1444763466,1.0011,1.0115,1.057,1.1264,1.0546,2.6231,5,6,June,2024
16:06:48,2024-06-05,Bitcoin,5632,194,3040,73781.24185982272,19707975,19707975,21000000,71286.02664829144,26625877846,1404903231033,1398611544,1.0017,1.0129,1.0579,1.1282,1.0532,2.6255,5,6,June,2024
16:07:15,2024-06-05,Bitcoin,5632,194,3040,73781.24185982272,19707975,19707975,21000000,71288.89357413833,26639287567,1404959732336,1437546847,1.0018,1.0129,1.0579,1.1282,1.0533,2.6257,5,6,June,2024
16:07:36,2024-06-05,Bitcoin,5632,194,3040,73781.24185982272,19707975,19707975,21000000,71306.73436530038,26647006325,1405311338202,1438464148,1.002,1.0132,1.0582,1.1285,1.0535,2.6263,5,6,June,2024
16:07:57,2024-06-05,Bitcoin,5632,194,3040,73781.24185982272,19707975,19707975,21000000,71307.2917488065,26639984246,1405322323103,1417823931,1.002,1.0132,1.0582,1.1285,1.0535,2.6263,5,6,June,2024
16:08:18,2024-06-05,Bitcoin,5632,194,3040,73781.24185982272,19707975,19707975,21000000,71307.29179818464,26632691205,1405322324076,1419113014,1.002,1.0132,1.0582,1.1285,1.0535,2.6263,5,6,June,2024
16:08:39,2024-06-05,Bitcoin,5632,194,3040,73781.24185982272,19707975,19707975,21000000,71313.00670553716,26634995614,1405434953327,1422941026,1.0021,1.0133,1.0583,1.1286,1.0536,2.6265,5,6,June,2024
16:09:00,2024-06-05,Bitcoin,5632,194,3040,73781.24185982272,19707975,19707975,21000000,71324.59711775203,26639662211,1405663376881,1424423920,1.0023,1.0134,1.0584,1.1288,1.0538,2.627,5,6,June,2024
16:09:24,2024-06-05,Bitcoin,5632,194,3040,73781.24185982272,19707975,19707975,21000000,71328.54315644484,26630846638,1405741145313,1427261172,1.0023,1.0135,1.0585,1.1289,1.0538,2.6271,5,6,June,2024
16:09:45,2024-06-05,Bitcoin,5632,194,3040,73781.24185982272,19707975,19707975,21000000,71348.75673916715,26640364868,1406139514096,1442800938,1.0026,1.0138,1.0588,1.1292,1.0541,2.6279,5,6,June,2024
16:10:15,2024-06-05,Bitcoin,5632,194,3040,73781.24185982272,19707975,19707975,21000000,71349.60881881764,26640024063,1406156306861,1444807307,1.0026,1.0138,1.0588,1.1292,1.0542,2.6279,5,6,June,2024
16:10:35,2024-06-05,Bitcoin,5632,194,3041,73781.24185982272,19707975,19707975,21000000,71321.37945360619,26630079686,1405599963237,1448616002,1.004,1.0145,1.0592,1.1301,1.0544,2.6265,5,6,June,2024
16:10:57,2024-06-05,Bitcoin,5632,194,3041,73781.24185982272,19707975,19707975,21000000,71317.70916696721,26631403219,1405527629319,1446054081,1.004,1.0144,1.0592,1.1301,1.0544,2.6263,5,6,June,2024
16:11:17,2024-06-05,Bitcoin,5632,194,3041,73781.24185982272,19707975,19707975,21000000,71317.74908932568,26621700862,1405528416108,1431680002,1.004,1.0144,1.0592,1.1301,1.0544,2.6263,5,6,June,2024
16:11:39,2024-06-05,Bitcoin,5632,194,3041,73781.24185982272,19707975,19707975,21000000,71309.85830876371,26617688803,1405372904802,1429726488,1.0039,1.0143,1.059,1.13,1.0543,2.626,5,6,June,2024
16:12:00,2024-06-05,Bitcoin,5632,194,3041,73781.24185982272,19707975,19707975,21000000,71310.16037000985,26614048698,1405378857818,1429419890,1.0039,1.0143,1.059,1.13,1.0543,2.626,5,6,June,2024
16:12:21,2024-06-05,Bitcoin,5632,194,3041,73781.24185982272,19707975,19707975,21000000,71306.35721638695,26630950440,1405303905361,1433689919,1.0038,1.0142,1.059,1.1299,1.0542,2.6259,5,6,June,2024
16:12:42,2024-06-05,Bitcoin,5632,194,3041,73781.24185982272,19707975,19707975,21000000,71316.25662851127,26637811071,1405499002728,1433050800,1.004,1.0144,1.0591,1.1301,1.0543,2.6263,5,6,June,2024
16:13:11,2024-06-05,Bitcoin,5632,194,3041,73781.24185982272,19707975,19707975,21000000,71316.19025591688,26634554822,1405497694658,1432415339,1.004,1.0144,1.0591,1.1301,1.0543,2.6263,5,6,June,2024
16:20:58,2024-06-05,Bitcoin,5632,194,3040,73781.24185982272,19707975,19707975,21000000,71341.37445705503,26661887645,1405994024265,1413637865,1.0052,1.0145,1.0593,1.1279,1.0546,2.6237,5,6,June,2024
16:21:18,2024-06-05,Bitcoin,5632,194,3040,73781.24185982272,19707975,19707975,21000000,71347.72376039621,26661407967,1406119156176,1422999882,1.0053,1.0146,1.0594,1.128,1.0547,2.624,5,6,June,2024
16:21:39,2024-06-05,Bitcoin,5632,194,3040,73781.24185982272,19707975,19707975,21000000,71343.5984709128,26660246958,1406037855074,1436409825,1.0053,1.0145,1.0594,1.128,1.0546,2.6238,5,6,June,2024
16:21:59,2024-06-05,Bitcoin,5632,194,3040,73781.24185982272,19707975,19707975,21000000,71342.58849654115,26657788215,1406017950525,1438695690,1.0053,1.0145,1.0594,1.128,1.0546,2.6238,5,6,June,2024
16:22:20,2024-06-05,Bitcoin,5632,194,3040,73781.24185982272,19707975,19707975,21000000,71342.58849654115,26657788215,1406017950525,1438695690,1.0053,1.0145,1.0594,1.128,1.0546,2.6238,5,6,June,2024
16:22:41,2024-06-05,Bitcoin,5632,194,3039,73781.24185982272,19707975,19707975,21000000,71334.97417605516,26654830943,1405867887687,1437407917,1.0051,1.0144,1.0592,1.1278,1.0545,2.6235,5,6,June,2024
16:23:07,2024-06-05,Bitcoin,5632,194,3039,73781.24185982272,19707975,19707975,21000000,71334.97393615267,26649692811,1405867882959,1432202076,1.0051,1.0144,1.0592,1.1278,1.0545,2.6235,5,6,June,2024
16:23:28,2024-06-05,Bitcoin,5632,194,3039,73781.24185982272,19707975,19707975,21000000,71334.43100673422,26643824135,1405857182919,1422541382,1.0051,1.0144,1.0592,1.1278,1.0545,2.6235,5,6,June,2024
16:23:49,2024-06-05,Bitcoin,5632,194,3039,73781.24185982272,19707975,19707975,21000000,71332.37714777917,26650180410,1405816705519,1422140470,1.0051,1.0144,1.0592,1.1278,1.0544,2.6234,5,6,June,2024
16:24:09,2024-06-05,Bitcoin,5632,194,3039,73781.24185982272,19707975,19707975,21000000,71327.72442800553,26644361562,1405725009834,1430731638,1.005,1.0143,1.0591,1.1277,1.0544,2.6232,5,6,June,2024
16:24:30,2024-06-05,Bitcoin,5632,194,3039,73781.24185982272,19707975,19707975,21000000,71334.20350132206,26671356922,1405852699248,1429665058,1.0051,1.0144,1.0592,1.1278,1.0545,2.6235,5,6,June,2024
16:24:50,2024-06-05,Bitcoin,5632,194,3039,73781.24185982272,19707975,19707975,21000000,71346.24181163583,26679356354,1406089949967,1428301253,1.0053,1.0146,1.0594,1.128,1.0546,2.6239,5,6,June,2024
16:25:11,2024-06-05,Bitcoin,5632,194,3039,73781.24185982272,19707975,19707975,21000000,71346.71234392787,26677110475,1406099223206,1429022702,1.0053,1.0146,1.0594,1.128,1.0546,2.6239,5,6,June,2024
16:25:32,2024-06-05,Bitcoin,5632,194,3039,73781.24185982272,19707975,19707975,21000000,71352.69057448146,26677340418,1406217042024,1421912329,1.0054,1.0147,1.0595,1.1281,1.0547,2.6242,5,6,June,2024
16:25:52,2024-06-05,Bitcoin,5632,194,3038,73781.24185982272,19707975,19707975,21000000,71356.73213473235,26680384584,1406296692993,1427122264,1.0045,1.0156,1.0595,1.127,1.0535,2.6428,5,6,June,2024
16:26:13,2024-06-05,Bitcoin,5632,194,3038,73781.24185982272,19707975,19707975,21000000,71356.8272436316,26676771587,1406298567396,1424179812,1.0045,1.0156,1.0595,1.127,1.0535,2.6428,5,6,June,2024
16:26:33,2024-06-05,Bitcoin,5632,194,3038,73781.24185982272,19707975,19707975,21000000,71355.9060875633,26671901016,1406280413276,1429674887,1.0045,1.0156,1.0595,1.127,1.0535,2.6427,5,6,June,2024
16:26:54,2024-06-05,Bitcoin,5632,194,3038,73781.24185982272,19707975,19707975,21000000,71373.60383016833,26682199837,1406629199944,1427206614,1.0048,1.0159,1.0598,1.1272,1.0538,2.6434,5,6,June,2024
16:27:14,2024-06-05,Bitcoin,5632,194,3038,73781.24185982272,19707975,19707975,21000000,71373.74414938207,26679865428,1406631965352,1430657157,1.0048,1.0159,1.0598,1.1272,1.0538,2.6434,5,6,June,2024
16:27:35,2024-06-05,Bitcoin,5632,194,3038,73781.24185982272,19707975,19707975,21000000,71378.24490816581,26687087783,1406720666194,1429358348,1.0048,1.016,1.0598,1.1273,1.0538,2.6436,5,6,June,2024
16:27:55,2024-06-05,Bitcoin,5632,194,3038,73781.24185982272,19707975,19707975,21000000,71373.69496203806,26682826878,1406630995969,1426593709,1.0048,1.0159,1.0598,1.1272,1.0538,2.6434,5,6,June,2024
16:28:16,2024-06-05,Bitcoin,5632,194,3038,73781.24185982272,19707975,19707975,21000000,71373.72908753627,26680199835,1406631668513,1427919284,1.0048,1.0159,1.0598,1.1272,1.0538,2.6434,5,6,June,2024
16:28:36,2024-06-05,Bitcoin,5632,194,3038,73781.24185982272,19707975,19707975,21000000,71363.66776814152,26673767804,1406433380282,1430039227,1.0046,1.0157,1.0596,1.1271,1.0536,2.643,5,6,June,2024
16:28:57,2024-06-05,Bitcoin,5632,194,3038,73781.24185982272,19707975,19707975,21000000,71361.86151784772,26674164562,1406397782747,1426202980,1.0046,1.0157,1.0596,1.1271,1.0536,2.643,5,6,June,2024
16:29:22,2024-06-05,Bitcoin,5632,194,3038,73781.24185982272,19707975,19707975,21000000,71362.00187439681,26666903045,1406400548890,1431377832,1.0046,1.0157,1.0596,1.1271,1.0536,2.643,5,6,June,2024
16:29:43,2024-06-05,Bitcoin,5632,194,3039,73781.24185982272,19707975,19707975,21000000,71349.6993650754,26668663569,1406158091344,1433090477,1.0044,1.0155,1.0594,1.1269,1.0534,2.6425,5,6,June,2024
16:30:17,2024-06-05,Bitcoin,5632,194,3039,73781.24185982272,19707975,19707975,21000000,71343.16002178834,26660543915,1406029214130,1432217574,1.0055,1.0148,1.0595,1.126,1.0507,2.6393,5,6,June,2024
16:30:38,2024-06-05,Bitcoin,5632,194,3040,73781.24185982272,19707975,19707975,21000000,71331.88526662174,26657580366,1405807011537,1435763845,1.0054,1.0147,1.0594,1.1258,1.0505,2.6389,5,6,June,2024
16:30:58,2024-06-05,Bitcoin,5632,194,3040,73781.24185982272,19707975,19707975,21000000,71331.74394195901,26657620556,1405804226314,1437402819,1.0054,1.0147,1.0594,1.1258,1.0505,2.6389,5,6,June,2024
16:31:21,2024-06-05,Bitcoin,5632,194,3040,73781.24185982272,19707975,19707975,21000000,71324.31688010854,26646212311,1405657853965,1444325526,1.0052,1.0145,1.0593,1.1257,1.0504,2.6386,5,6,June,2024
16:31:43,2024-06-05,Bitcoin,5632,194,3040,73781.24185982272,19707975,19707975,21000000,71283.05972748902,26634848185,1404844759032,1449318039,1.0047,1.014,1.0587,1.125,1.0498,2.6371,5,6,June,2024
16:32:05,2024-06-05,Bitcoin,5632,194,3040,73781.24185982272,19707975,19707975,21000000,71282.92539241079,26629773198,1404842111560,1447686557,1.0047,1.014,1.0587,1.125,1.0498,2.6371,5,6,June,2024
16:32:26,2024-06-05,Bitcoin,5632,194,3040,73781.24185982272,19707975,19707975,21000000,71281.65085127456,26646821731,1404816992935,1448888432,1.0046,1.0139,1.0586,1.125,1.0498,2.637,5,6,June,2024
16:32:52,2024-06-05,Bitcoin,5632,194,3040,73781.24185982272,19707975,19707975,21000000,71279.78888470556,26646045992,1404780297345,1449181241,1.0046,1.0139,1.0586,1.125,1.0498,2.6369,5,6,June,2024
16:33:12,2024-06-05,Bitcoin,5632,194,3040,73781.24185982272,19707975,19707975,21000000,71279.67327335107,26642112107,1404778018879,1445215468,1.0046,1.0139,1.0586,1.125,1.0498,2.6369,5,6,June,2024
16:33:33,2024-06-05,Bitcoin,5632,194,3040,73781.24185982272,19707975,19707975,21000000,71280.00324513763,26639851331,1404784521955,1439127659,1.0046,1.0139,1.0586,1.125,1.0498,2.637,5,6,June,2024
16:33:58,2024-06-05,Bitcoin,5632,194,3040,73781.24185982272,19707975,19707975,21000000,71285.54398697348,26637951255,1404893718756,1446491429,1.0047,1.014,1.0587,1.1251,1.0498,2.6372,5,6,June,2024
16:34:20,2024-06-05,Bitcoin,5632,194,3040,73781.24185982272,19707975,19707975,21000000,71285.6333708894,26633725930,1404895480332,1446824417,1.0047,1.014,1.0587,1.1251,1.0498,2.6372,5,6,June,2024
16:34:41,2024-06-05,Bitcoin,5632,194,3040,73781.24185982272,19707975,19707975,21000000,71283.29612117444,26631550208,1404849417873,1448642802,1.0047,1.014,1.0587,1.125,1.0498,2.6371,5,6,June,2024
16:35:01,2024-06-05,Bitcoin,5632,194,3040,73781.24185982272,19707975,19707975,21000000,71281.87558858524,26636687368,1404821422052,1445196244,1.0046,1.0139,1.0586,1.125,1.0498,2.637,5,6,June,2024
16:35:22,2024-06-05,Bitcoin,5632,194,3040,73781.24185982272,19707975,19707975,21000000,71281.56022146507,26630721312,1404815206805,1434050705,1.0046,1.0139,1.0586,1.125,1.0498,2.637,5,6,June,2024
16:35:42,2024-06-05,Bitcoin,5632,194,3040,73781.24185982272,19707975,19707975,21000000,71281.56023986374,26626983867,1404815207168,1434046286,1.0046,1.0139,1.0586,1.125,1.0498,2.637,5,6,June,2024
16:36:05,2024-06-05,Bitcoin,5632,194,3040,73781.24185982272,19707975,19707975,21000000,71289.4020281334,26631820811,1404969752935,1431831572,1.0048,1.0141,1.0587,1.1251,1.0499,2.6373,5,6,June,2024
16:36:26,2024-06-05,Bitcoin,5632,194,3040,73781.24185982272,19707975,19707975,21000000,71287.94421844288,26623257659,1404941022458,1439135640,1.0042,1.0131,1.0575,1.1247,1.0494,2.6368,5,6,June,2024
16:36:49,2024-06-05,Bitcoin,5632,194,3040,73781.24185982272,19707975,19707975,21000000,71298.46281322117,26628310616,1405148322661,1439367595,1.0043,1.0133,1.0576,1.1249,1.0496,2.6372,5,6,June,2024
16:37:10,2024-06-05,Bitcoin,5632,194,3040,73781.24185982272,19707975,19707975,21000000,71299.33404559299,26628046124,1405165492887,1445348030,1.0044,1.0133,1.0576,1.1249,1.0496,2.6372,5,6,June,2024
16:37:31,2024-06-05,Bitcoin,5632,194,3040,73781.24185982272,19707975,19707975,21000000,71299.26317608076,26638464622,1405164096192,1467278694,1.0044,1.0133,1.0576,1.1249,1.0496,2.6372,5,6,June,2024
16:37:51,2024-06-05,Bitcoin,5632,194,3040,73781.24185982272,19707975,19707975,21000000,71297.87142559323,26640424679,1405136667608,1468412049,1.0043,1.0133,1.0576,1.1248,1.0496,2.6371,5,6,June,2024
16:38:12,2024-06-05,Bitcoin,5632,194,3040,73781.24185982272,19707975,19707975,21000000,71297.63116114552,26636557184,1405131932483,1468058897,1.0043,1.0133,1.0576,1.1248,1.0496,2.6371,5,6,June,2024
16:38:33,2024-06-05,Bitcoin,5632,194,3040,73781.24185982272,19707975,19707975,21000000,71297.64318747837,26630825898,1405132169497,1468869384,1.0043,1.0133,1.0576,1.1248,1.0496,2.6371,5,6,June,2024
16:38:53,2024-06-05,Bitcoin,5632,194,3040,73781.24185982272,19707975,19707975,21000000,71294.45114939917,26632019926,1405069260891,1457385847,1.0043,1.0132,1.0576,1.1248,1.0495,2.637,5,6,June,2024
16:39:14,2024-06-05,Bitcoin,5632,194,3040,73781.24185982272,19707975,19707975,21000000,71294.43230662028,26627904469,1405068889538,1454372679,1.0043,1.0132,1.0576,1.1248,1.0495,2.637,5,6,June,2024
16:39:34,2024-06-05,Bitcoin,5632,194,3040,73781.24185982272,19707975,19707975,21000000,71293.11979896702,26621679694,1405043022670,1451379270,1.0043,1.0132,1.0575,1.1248,1.0495,2.637,5,6,June,2024
16:39:55,2024-06-05,Bitcoin,5632,194,3040,73781.24185982272,19707975,19707975,21000000,71293.71597682014,26626180615,1405054772128,1449025134,1.0043,1.0132,1.0575,1.1248,1.0495,2.637,5,6,June,2024
16:40:19,2024-06-05,Bitcoin,5632,194,3040,73781.24185982272,19707975,19707975,21000000,71290.81435511768,26621077693,1404997587040,1445618884,1.0042,1.0132,1.0575,1.1247,1.0495,2.6369,5,6,June,2024
16:40:40,2024-06-05,Bitcoin,5632,194,3040,73781.24185982272,19707975,19707975,21000000,71289.72842142709,26616214173,1404976185486,1445256223,1.0028,1.0135,1.0569,1.1247,1.0514,2.6382,5,6,June,2024
16:41:00,2024-06-05,Bitcoin,5632,194,3040,73781.24185982272,19707975,19707975,21000000,71281.61320358793,26614763068,1404816250975,1443834762,1.0027,1.0134,1.0568,1.1246,1.0513,2.6379,5,6,June,2024
16:41:23,2024-06-05,Bitcoin,5632,194,3040,73781.24185982272,19707975,19707975,21000000,71280.57559703983,26610189151,1404795801852,1435179240,1.0026,1.0134,1.0567,1.1246,1.0512,2.6379,5,6,June,2024
16:41:43,2024-06-05,Bitcoin,5632,194,3041,73781.24185982272,19707975,19707975,21000000,71268.51229395831,26601912902,1404558058576,1437049551,1.0025,1.0132,1.0566,1.1244,1.0511,2.6374,5,6,June,2024
16:42:08,2024-06-05,Bitcoin,5632,194,3041,73781.24185982272,19707975,19707975,21000000,71267.52445124922,26603263105,1404538590197,1445743866,1.0025,1.0132,1.0565,1.1244,1.051,2.6374,5,6,June,2024
16:42:29,2024-06-05,Bitcoin,5632,194,3041,73781.24185982272,19707975,19707975,21000000,71264.06949142311,26599685323,1404470499935,1443102114,1.0024,1.0131,1.0565,1.1243,1.051,2.6373,5,6,June,2024
16:42:49,2024-06-05,Bitcoin,5632,194,3041,73781.24185982272,19707975,19707975,21000000,71261.53129545628,26622981879,1404420477232,1443606842,1.0024,1.0131,1.0565,1.1243,1.051,2.6372,5,6,June,2024
16:43:10,2024-06-05,Bitcoin,5632,194,3041,73781.24185982272,19707975,19707975,21000000,71262.86680301004,26627015422,1404446797382,1441128945,1.0024,1.0131,1.0565,1.1243,1.051,2.6372,5,6,June,2024
16:43:30,2024-06-05,Bitcoin,5632,194,3041,73781.24185982272,19707975,19707975,21000000,71262.86047999593,26618932730,1404446672768,1441975795,1.0024,1.0131,1.0565,1.1243,1.051,2.6372,5,6,June,2024
16:43:51,2024-06-05,Bitcoin,5632,194,3041,73781.24185982272,19707975,19707975,21000000,71262.00605246956,26622034107,1404429833731,1442602912,1.0024,1.0131,1.0565,1.1243,1.051,2.6372,5,6,June,2024
16:44:12,2024-06-05,Bitcoin,5632,194,3041,73781.24185982272,19707975,19707975,21000000,71264.18674735805,26622050027,1404472810812,1447418936,1.0024,1.0131,1.0565,1.1243,1.051,2.6373,5,6,June,2024
16:44:32,2024-06-05,Bitcoin,5632,194,3041,73781.24185982272,19707975,19707975,21000000,71264.1766329515,26616024138,1404472611477,1448361342,1.0024,1.0131,1.0565,1.1243,1.051,2.6373,5,6,June,2024
16:44:53,2024-06-05,Bitcoin,5632,194,3041,73781.24185982272,19707975,19707975,21000000,71273.86519613313,26622328180,1404663553438,1449148638,1.0026,1.0133,1.0566,1.1245,1.0511,2.6376,5,6,June,2024
16:45:14,2024-06-05,Bitcoin,5632,194,3041,73781.24185982272,19707975,19707975,21000000,71274.24729388619,26621041123,1404671083811,1443167901,1.0026,1.0133,1.0566,1.1245,1.0511,2.6376,5,6,June,2024
16:45:34,2024-06-05,Bitcoin,5632,194,3040,73781.24185982272,19707975,19707975,21000000,71275.521694606,26620431659,1404696199669,1444786220,1.0026,1.0133,1.0567,1.1245,1.0512,2.6377,5,6,June,2024
16:45:55,2024-06-05,Bitcoin,5632,194,3040,73781.24185982272,19707975,19707975,21000000,71274.99034966773,26618412718,1404685727936,1445783823,1.0013,1.0131,1.0564,1.1238,1.0509,2.6425,5,6,June,2024
16:46:16,2024-06-05,Bitcoin,5632,194,3040,73781.24185982272,19707975,19707975,21000000,71275.56080104849,26617425206,1404696970378,1447439141,1.0013,1.0131,1.0564,1.1238,1.0509,2.6425,5,6,June,2024
16:46:37,2024-06-05,Bitcoin,5632,194,3040,73781.24185982272,19707975,19707975,21000000,71273.97206222116,26606738933,1404665659552,1446442625,1.0013,1.0131,1.0564,1.1238,1.0509,2.6425,5,6,June,2024
16:46:57,2024-06-05,Bitcoin,5632,194,3040,73781.24185982272,19707975,19707975,21000000,71263.50967013297,26604523001,1404459466991,1450355185,1.0012,1.013,1.0562,1.1236,1.0508,2.6421,5,6,June,2024
16:47:18,2024-06-05,Bitcoin,5632,194,3040,73781.24185982272,19707975,19707975,21000000,71263.61366681206,26597042788,1404461516555,1451782269,1.0012,1.013,1.0562,1.1236,1.0508,2.6421,5,6,June,2024
16:47:39,2024-06-05,Bitcoin,5632,194,3040,73781.24185982272,19707975,19707975,21000000,71265.80011011667,26615052143,1404504606925,1452226341,1.0012,1.013,1.0563,1.1236,1.0508,2.6422,5,6,June,2024
16:47:59,2024-06-05,Bitcoin,5632,194,3040,73781.24185982272,19707975,19707975,21000000,71266.60125027181,26615065051,1404520395775,1452172951,1.0012,1.013,1.0563,1.1237,1.0508,2.6422,5,6,June,2024
16:48:20,2024-06-05,Bitcoin,5632,194,3040,73781.24185982272,19707975,19707975,21000000,71270.47914806049,26611055730,1404596821287,1437375445,1.0013,1.0131,1.0563,1.1237,1.0509,2.6424,5,6,June,2024
16:48:41,2024-06-05,Bitcoin,5632,194,3040,73781.24185982272,19707975,19707975,21000000,71265.02516544114,26607335610,1404489334334,1436149418,1.0012,1.013,1.0563,1.1236,1.0508,2.6422,5,6,June,2024
16:49:01,2024-06-05,Bitcoin,5632,194,3040,73781.24185982272,19707975,19707975,21000000,71253.32789080618,26608462148,1404258804738,1446522557,1.001,1.0128,1.0561,1.1234,1.0506,2.6417,5,6,June,2024
16:49:26,2024-06-05,Bitcoin,5632,194,3038,73781.24185982272,19707975,19707975,21000000,71253.4140120767,26601201808,1404260502014,1459050605,1.001,1.0128,1.0561,1.1235,1.0506,2.6417,5,6,June,2024
16:49:47,2024-06-05,Bitcoin,5632,194,3038,73781.24185982272,19707975,19707975,21000000,71258.13657758811,26599999437,1404353574217,1460952143,1.0011,1.0129,1.0562,1.1235,1.0507,2.6419,5,6,June,2024
16:50:07,2024-06-05,Bitcoin,5632,194,3038,73781.24185982272,19707975,19707975,21000000,71256.26233983747,26607312230,1404316636786,1456653248,1.0011,1.0129,1.0561,1.1235,1.0507,2.6418,5,6,June,2024
16:50:29,2024-06-05,Bitcoin,5632,194,3038,73781.24185982272,19707975,19707975,21000000,71256.19669595147,26603301358,1404315343078,1448933009,1.0011,1.0129,1.0561,1.1235,1.0507,2.6418,5,6,June,2024
16:50:50,2024-06-05,Bitcoin,5632,194,3038,73781.24185982272,19707975,19707975,21000000,71274.65978351996,26618014241,1404679213147,1446394440,1.0013,1.0131,1.0564,1.1238,1.0509,2.6425,5,6,June,2024
16:51:10,2024-06-05,Bitcoin,5632,194,3038,73781.24185982272,19707975,19707975,21000000,71274.65978351996,26618014241,1404679213147,1446394440,1.0013,1.0131,1.0564,1.1238,1.0509,2.6425,5,6,June,2024
16:51:31,2024-06-05,Bitcoin,5632,194,3038,73781.24185982272,19707975,19707975,21000000,71271.05594040916,26607178455,1404608188697,1450266607,1.0002,1.0116,1.0559,1.1247,1.0491,2.6388,5,6,June,2024
16:51:57,2024-06-05,Bitcoin,5632,194,3038,73781.24185982272,19707975,19707975,21000000,71268.42035300238,26607188615,1404556246606,1447398537,1.0002,1.0115,1.0558,1.1246,1.049,2.6387,5,6,June,2024
16:52:18,2024-06-05,Bitcoin,5632,194,3038,73781.24185982272,19707975,19707975,21000000,71268.41886590552,26602229857,1404556217298,1444377854,1.0002,1.0115,1.0558,1.1246,1.049,2.6387,5,6,June,2024
16:52:38,2024-06-05,Bitcoin,5632,194,3038,73781.24185982272,19707975,19707975,21000000,71276.84718697875,26627183566,1404722322439,1443750729,1.0003,1.0117,1.0559,1.1248,1.0491,2.6391,5,6,June,2024
16:52:59,2024-06-05,Bitcoin,5632,194,3038,73781.24185982272,19707975,19707975,21000000,71291.17928729631,26631060124,1405004779114,1444667506,1.0005,1.0119,1.0561,1.125,1.0494,2.6396,5,6,June,2024
16:53:19,2024-06-05,Bitcoin,5632,194,3038,73781.24185982272,19707975,19707975,21000000,71292.06833463818,26626391844,1405022300437,1445867649,1.0005,1.0119,1.0562,1.125,1.0494,2.6396,5,6,June,2024
16:53:44,2024-06-05,Bitcoin,5632,194,3038,73781.24185982272,19707975,19707975,21000000,71291.57404614586,26622970361,1405012559012,1442008911,1.0005,1.0119,1.0562,1.125,1.0494,2.6396,5,6,June,2024
16:54:08,2024-06-05,Bitcoin,5632,194,3038,73781.24185982272,19707975,19707975,21000000,71291.50128186808,26617841657,1405011124975,1441727306,1.0005,1.0119,1.0562,1.125,1.0494,2.6396,5,6,June,2024
16:54:28,2024-06-05,Bitcoin,5632,194,3038,73781.24185982272,19707975,19707975,21000000,71290.9772973152,26607483782,1405000798301,1447423706,1.0005,1.0119,1.0561,1.125,1.0494,2.6396,5,6,June,2024
16:54:49,2024-06-05,Bitcoin,5632,194,3038,73781.24185982272,19707975,19707975,21000000,71267.63402621335,26597599065,1404540749697,1445714622,1.0002,1.0115,1.0558,1.1246,1.049,2.6387,5,6,June,2024
16:55:09,2024-06-05,Bitcoin,5632,194,3038,73781.24185982272,19707975,19707975,21000000,71267.61662621779,26591945816,1404540406779,1441819129,1.0002,1.0115,1.0558,1.1246,1.049,2.6387,5,6,June,2024
16:55:30,2024-06-05,Bitcoin,5632,194,3038,73781.24185982272,19707975,19707975,21000000,71267.74423105466,26587643249,1404542921612,1442349185,1.0002,1.0115,1.0558,1.1246,1.049,2.6387,5,6,June,2024
16:55:50,2024-06-05,Bitcoin,5632,194,3038,73781.24185982272,19707975,19707975,21000000,71269.14764889632,26585596854,1404570580135,1440413191,1.0002,1.0115,1.0558,1.1246,1.049,2.6388,5,6,June,2024
16:56:12,2024-06-05,Bitcoin,5632,194,3038,73781.24185982272,19707975,19707975,21000000,71279.07022373553,26594438585,1404766133992,1442649716,0.9989,1.0103,1.0563,1.1249,1.0529,2.6396,5,6,June,2024
16:56:33,2024-06-05,Bitcoin,5632,194,3037,73781.24185982272,19707975,19707975,21000000,71280.72267958046,26585308767,1404798700551,1441462334,0.9989,1.0103,1.0563,1.1249,1.0529,2.6396,5,6,June,2024
16:56:54,2024-06-05,Bitcoin,5632,194,3037,73781.24185982272,19707975,19707975,21000000,71274.35494041731,26588718605,1404673205306,1447023687,0.9988,1.0102,1.0562,1.1248,1.0528,2.6394,5,6,June,2024
16:57:18,2024-06-05,Bitcoin,5632,194,3037,73781.24185982272,19707975,19707975,21000000,71273.61426023197,26583227819,1404658608000,1428980606,0.9988,1.0102,1.0562,1.1248,1.0528,2.6394,5,6,June,2024
16:57:39,2024-06-05,Bitcoin,5632,194,3037,73781.24185982272,19707975,19707975,21000000,71271.67245691794,26594654240,1404620338989,1426093382,0.9988,1.0102,1.0562,1.1247,1.0528,2.6393,5,6,June,2024
16:57:59,2024-06-05,Bitcoin,5632,194,3037,73781.24185982272,19707975,19707975,21000000,71253.09481070335,26597142494,1404254211201,1425056749,0.9985,1.0099,1.0559,1.1244,1.0525,2.6386,5,6,June,2024
16:58:20,2024-06-05,Bitcoin,5632,194,3037,73781.24185982272,19707975,19707975,21000000,71252.84780377377,26592660015,1404249343195,1427563774,0.9985,1.0099,1.0559,1.1244,1.0525,2.6386,5,6,June,2024
16:58:41,2024-06-05,Bitcoin,5632,194,3037,73781.24185982272,19707975,19707975,21000000,71252.87356967584,26590277178,1404249850989,1424072063,0.9985,1.0099,1.0559,1.1244,1.0525,2.6386,5,6,June,2024
16:59:02,2024-06-05,Bitcoin,5632,194,3037,73781.24185982272,19707975,19707975,21000000,71258.34760113915,26591824532,1404357733064,1421592150,0.9986,1.01,1.056,1.1245,1.0526,2.6388,5,6,June,2024
16:59:23,2024-06-05,Bitcoin,5632,194,3037,73781.24185982272,19707975,19707975,21000000,71258.2385812212,26592889829,1404355584502,1431257552,0.9986,1.01,1.056,1.1245,1.0526,2.6388,5,6,June,2024
16:59:44,2024-06-05,Bitcoin,5632,194,3038,73781.24185982272,19707975,19707975,21000000,71260.03809405804,26590884707,1404391049256,1430314424,0.9986,1.01,1.056,1.1246,1.0526,2.6388,5,6,June,2024
17:00:08,2024-06-05,Bitcoin,5632,194,3038,73781.24185982272,19707975,19707975,21000000,71259.23550600754,26593729548,1404375231871,1428813709,0.9986,1.01,1.056,1.1245,1.0526,2.6388,5,6,June,2024
17:00:33,2024-06-05,Bitcoin,5632,194,3038,73781.24185982272,19707975,19707975,21000000,71256.58358980843,26582612821,1404322967973,1420498873,0.9979,1.011,1.0551,1.1246,1.0531,2.6383,5,6,June,2024
17:00:53,2024-06-05,Bitcoin,5632,194,3038,73781.24185982272,19707975,19707975,21000000,71246.07078753677,26571127101,1404115781929,1413584242,0.9978,1.0109,1.0549,1.1244,1.0529,2.6379,5,6,June,2024
17:01:14,2024-06-05,Bitcoin,5632,194,3038,73781.24185982272,19707975,19707975,21000000,71245.55315562722,26570273892,1404105580452,1411897944,0.9978,1.0108,1.0549,1.1244,1.0529,2.6379,5,6,June,2024
17:01:35,2024-06-05,Bitcoin,5632,194,3038,73781.24185982272,19707975,19707975,21000000,71243.50490592959,26550117315,1404065213598,1408940250,0.9978,1.0108,1.0549,1.1244,1.0529,2.6378,5,6,June,2024
17:01:55,2024-06-05,Bitcoin,5632,194,3039,73781.24185982272,19707975,19707975,21000000,71251.1309075235,26536890241,1404215506647,1406716967,0.9979,1.0109,1.055,1.1245,1.053,2.6381,5,6,June,2024
17:02:16,2024-06-05,Bitcoin,5632,194,3038,73781.24185982272,19707975,19707975,21000000,71251.40412506435,26533360894,1404220891211,1410449169,0.9979,1.0109,1.055,1.1245,1.053,2.6381,5,6,June,2024
17:02:36,2024-06-05,Bitcoin,5632,194,3039,73781.24185982272,19707975,19707975,21000000,71251.03300054342,26549271608,1404213577098,1416327834,0.9979,1.0109,1.055,1.1245,1.053,2.6381,5,6,June,2024
17:02:57,2024-06-05,Bitcoin,5632,194,3040,73781.24185982272,19707975,19707975,21000000,71249.07577853324,26549429758,1404175004216,1418003315,0.9978,1.0109,1.055,1.1245,1.053,2.638,5,6,June,2024
17:03:17,2024-06-05,Bitcoin,5632,194,3040,73781.24185982272,19707975,19707975,21000000,71248.49341725705,26545268841,1404163527054,1417589984,0.9978,1.0109,1.055,1.1245,1.053,2.638,5,6,June,2024
17:03:38,2024-06-05,Bitcoin,5632,194,3040,73781.24185982272,19707975,19707975,21000000,71249.02381970636,26541890003,1404173980213,1415013568,0.9978,1.0109,1.055,1.1245,1.053,2.638,5,6,June,2024
17:03:58,2024-06-05,Bitcoin,5632,194,3040,73781.24185982272,19707975,19707975,21000000,71240.88471332446,26541544040,1404013574908,1419096887,0.9977,1.0108,1.0549,1.1244,1.0528,2.6377,5,6,June,2024
17:04:19,2024-06-05,Bitcoin,5632,194,3040,73781.24185982272,19707975,19707975,21000000,71240.90602234822,26538129646,1404013994865,1420969431,0.9977,1.0108,1.0549,1.1244,1.0528,2.6377,5,6,June,2024
17:04:45,2024-06-05,Bitcoin,5632,194,3040,73781.24185982272,19707975,19707975,21000000,71238.18783611443,26533043492,1403960424919,1428017289,0.9977,1.0107,1.0548,1.1243,1.0528,2.6376,5,6,June,2024
17:05:06,2024-06-05,Bitcoin,5632,194,3040,73781.24185982272,19707975,19707975,21000000,71223.754031051,26529508903,1403675963850,1428988699,0.9975,1.0105,1.0546,1.1241,1.0526,2.6371,5,6,June,2024
17:05:27,2024-06-05,Bitcoin,5632,194,3040,73781.24185982272,19707975,19707975,21000000,71223.77531871939,26522177288,1403676383386,1427740987,0.9975,1.0105,1.0546,1.1241,1.0526,2.6371,5,6,June,2024
17:05:48,2024-06-05,Bitcoin,5632,194,3040,73781.24185982272,19707975,19707975,21000000,71225.65838310245,26527254056,1403713494772,1428336758,0.9975,1.0106,1.0546,1.1241,1.0526,2.6372,5,6,June,2024
17:06:08,2024-06-05,Bitcoin,5632,194,3040,73781.24185982272,19707975,19707975,21000000,71225.65838310245,26527254056,1403713494772,1428336758,0.9975,1.0106,1.0546,1.1241,1.0526,2.6372,5,6,June,2024
17:06:29,2024-06-05,Bitcoin,5632,194,3040,73781.24185982272,19707975,19707975,21000000,71224.85637441707,26521360437,1403697688805,1427018661,0.9999,1.0111,1.0543,1.123,1.0554,2.6376,5,6,June,2024
17:06:51,2024-06-05,Bitcoin,5632,194,3040,73781.24185982272,19707975,19707975,21000000,71199.05597480107,26515961851,1403189215174,1424940447,0.9995,1.0107,1.0539,1.1226,1.055,2.6367,5,6,June,2024
17:07:12,2024-06-05,Bitcoin,5632,194,3040,73781.24185982272,19707975,19707975,21000000,71198.9982274283,26511014712,1403188077091,1424625296,0.9995,1.0107,1.0539,1.1226,1.055,2.6367,5,6,June,2024
17:07:33,2024-06-05,Bitcoin,5632,194,3040,73781.24185982272,19707975,19707975,21000000,71197.89731400576,26530801525,1403166380316,1428108031,0.9995,1.0107,1.0539,1.1226,1.055,2.6366,5,6,June,2024
17:07:54,2024-06-05,Bitcoin,5632,194,3040,73781.24185982272,19707975,19707975,21000000,71208.57638404609,26534410692,1403376843162,1427999942,0.9997,1.0108,1.054,1.1227,1.0551,2.637,5,6,June,2024
17:08:14,2024-06-05,Bitcoin,5632,194,3040,73781.24185982272,19707975,19707975,21000000,71208.56095703966,26529040857,1403376539127,1425168044,0.9997,1.0108,1.054,1.1227,1.0551,2.637,5,6,June,2024
17:08:36,2024-06-05,Bitcoin,5632,194,3040,73781.24185982272,19707975,19707975,21000000,71209.02507531071,26527557995,1403385685958,1414986588,0.9997,1.0109,1.054,1.1227,1.0551,2.637,5,6,June,2024
17:08:56,2024-06-05,Bitcoin,5632,194,3041,73781.24185982272,19707975,19707975,21000000,71208.71821717001,26527000594,1403379638406,1404184128,0.9997,1.0108,1.054,1.1227,1.0551,2.637,5,6,June,2024
17:09:17,2024-06-05,Bitcoin,5632,194,3041,73781.24185982272,19707975,19707975,21000000,71207.6346506917,26522203985,1403358283504,1404599112,0.9997,1.0108,1.054,1.1227,1.0551,2.637,5,6,June,2024
17:09:41,2024-06-05,Bitcoin,5632,194,3041,73781.24185982272,19707975,19707975,21000000,71211.41123938377,26519316713,1403432712420,1405780432,0.9997,1.0109,1.0541,1.1228,1.0552,2.6371,5,6,June,2024
17:10:12,2024-06-05,Bitcoin,5632,194,3041,73781.24185982272,19707975,19707975,21000000,71215.19693277421,26515836457,1403507320771,1405209656,0.9998,1.0109,1.0541,1.1228,1.0552,2.6373,5,6,June,2024
17:10:33,2024-06-05,Bitcoin,5632,194,3041,73781.24185982272,19707975,19707975,21000000,71214.94053091957,26510447233,1403502267609,1401811951,0.9998,1.0109,1.0541,1.1228,1.0552,2.6373,5,6,June,2024
17:10:54,2024-06-05,Bitcoin,5632,194,3041,73781.24185982272,19707975,19707975,21000000,71218.52662800642,26512365384,1403572942321,1400876055,0.9998,1.011,1.0542,1.1229,1.0553,2.6374,5,6,June,2024
17:11:14,2024-06-05,Bitcoin,5632,194,3041,73781.24185982272,19707975,19707975,21000000,71218.59099224852,26511617422,1403574210810,1399985679,0.9998,1.011,1.0542,1.1229,1.0553,2.6374,5,6,June,2024
17:11:35,2024-06-05,Bitcoin,5632,194,3041,73781.24185982272,19707975,19707975,21000000,71218.5874142136,26508535016,1403574140294,1396376879,0.9981,1.011,1.0553,1.1218,1.0579,2.6345,5,6,June,2024
17:11:55,2024-06-05,Bitcoin,5632,194,3041,73781.24185982272,19707975,19707975,21000000,71206.15300263245,26508243258,1403329083222,1396496811,0.9979,1.0108,1.0551,1.1216,1.0577,2.634,5,6,June,2024
17:12:18,2024-06-05,Bitcoin,5632,194,3041,73781.24185982272,19707975,19707975,21000000,71200.09728707405,26498867726,1403209737331,1394601919,0.9979,1.0107,1.055,1.1215,1.0576,2.6338,5,6,June,2024
17:12:44,2024-06-05,Bitcoin,5632,194,3041,73781.24185982272,19707975,19707975,21000000,71161.5613438369,26501611502,1402450271925,1394450148,0.9973,1.0101,1.0544,1.1209,1.057,2.6323,5,6,June,2024
17:13:05,2024-06-05,Bitcoin,5632,194,3041,73781.24185982272,19707975,19707975,21000000,71157.31345142476,26500581026,1402366554567,1396098338,0.9973,1.0101,1.0544,1.1208,1.057,2.6322,5,6,June,2024
17:13:25,2024-06-05,Bitcoin,5632,194,3041,73781.24185982272,19707975,19707975,21000000,71157.27192964277,26497551653,1402365736257,1395907109,0.9973,1.0101,1.0544,1.1208,1.057,2.6322,5,6,June,2024
17:13:46,2024-06-05,Bitcoin,5632,194,3041,73781.24185982272,19707975,19707975,21000000,71157.26391822394,26494901320,1402365578368,1396071286,0.9973,1.0101,1.0544,1.1208,1.057,2.6322,5,6,June,2024
17:14:07,2024-06-05,Bitcoin,5632,194,3041,73781.24185982272,19707975,19707975,21000000,71150.55444595068,26495967675,1402233348256,1396790944,0.9972,1.01,1.0543,1.1207,1.0569,2.6319,5,6,June,2024
17:14:29,2024-06-05,Bitcoin,5632,194,3041,73781.24185982272,19707975,19707975,21000000,71150.43720514186,26493313088,1402231037678,1383655015,0.9972,1.01,1.0543,1.1207,1.0569,2.6319,5,6,June,2024
17:14:48,2024-06-05,Bitcoin,5632,194,3041,73781.24185982272,19707975,19707975,21000000,71155.09982793777,26491794572,1402322928531,1383952466,0.9972,1.0101,1.0543,1.1208,1.0569,2.6321,5,6,June,2024
17:16:19,2024-06-05,Bitcoin,5632,194,3041,73781.24185982272,19707975,19707975,21000000,71173.40889706051,26494624040,1402683763208,1383079485,0.9982,1.0102,1.0544,1.1204,1.0587,2.6327,5,6,June,2024
17:16:39,2024-06-05,Bitcoin,5632,194,3041,73781.24185982272,19707975,19707975,21000000,71170.52485098536,26495953061,1402626924500,1377145189,0.9981,1.0102,1.0543,1.1204,1.0587,2.6326,5,6,June,2024
17:17:00,2024-06-05,Bitcoin,5632,194,3041,73781.24185982272,19707975,19707975,21000000,71164.37206776266,26490985737,1402505665602,1384255732,0.998,1.0101,1.0542,1.1203,1.0586,2.6324,5,6,June,2024
17:17:20,2024-06-05,Bitcoin,5632,194,3041,73781.24185982272,19707975,19707975,21000000,71164.3958883854,26485981315,1402506135058,1386647823,0.998,1.0101,1.0542,1.1203,1.0586,2.6324,5,6,June,2024
17:17:45,2024-06-05,Bitcoin,5632,194,3041,73781.24185982272,19707975,19707975,21000000,71158.03786530992,26511881409,1402380831298,1378954620,0.998,1.01,1.0541,1.1202,1.0585,2.6322,5,6,June,2024
17:18:06,2024-06-05,Bitcoin,5632,194,3041,73781.24185982272,19707975,19707975,21000000,71162.51515251868,26512443300,1402469069562,1377281901,0.998,1.01,1.0542,1.1203,1.0586,2.6323,5,6,June,2024
17:18:27,2024-06-05,Bitcoin,5632,194,3041,73781.24185982272,19707975,19707975,21000000,71159.76177832576,26507851306,1402414806133,1388041462,0.998,1.01,1.0542,1.1202,1.0585,2.6322,5,6,June,2024
17:18:48,2024-06-05,Bitcoin,5632,194,3041,73781.24185982272,19707975,19707975,21000000,71156.83030037876,26509177240,1402357032639,1397357029,0.9979,1.01,1.0541,1.1202,1.0585,2.6321,5,6,June,2024
17:19:10,2024-06-05,Bitcoin,5632,194,3041,73781.24185982272,19707975,19707975,21000000,71157.01879319063,26504428938,1402360747450,1397653648,0.9979,1.01,1.0541,1.1202,1.0585,2.6321,5,6,June,2024
17:19:31,2024-06-05,Bitcoin,5632,194,3040,73781.24185982272,19707975,19707975,21000000,71156.96014394921,26499190706,1402359591592,1402708637,0.9979,1.01,1.0541,1.1202,1.0585,2.6321,5,6,June,2024
17:19:52,2024-06-05,Bitcoin,5632,194,3040,73781.24185982272,19707993,19707993,21000000,71159.23539276187,26505477205,1402405713005,1397977042,0.998,1.01,1.0542,1.1202,1.0585,2.6322,5,6,June,2024
17:20:13,2024-06-05,Bitcoin,5632,194,3040,73781.24185982272,19707993,19707993,21000000,71159.13663804888,26499277670,1402403766748,1398965421,0.998,1.01,1.0542,1.1202,1.0585,2.6322,5,6,June,2024
17:20:34,2024-06-05,Bitcoin,5632,194,3040,73781.24185982272,19707993,19707993,21000000,71159.13429210686,26495326484,1402403720514,1392030226,0.998,1.01,1.0542,1.1202,1.0585,2.6322,5,6,June,2024
17:20:54,2024-06-05,Bitcoin,5632,194,3040,73781.24185982272,19707993,19707993,21000000,71186.00770284142,26507815933,1402933341505,1392768768,0.9984,1.0104,1.0538,1.1208,1.056,2.6296,5,6,June,2024
17:21:15,2024-06-05,Bitcoin,5632,194,3040,73781.24185982272,19707993,19707993,21000000,71186.16885500004,26503441982,1402936517491,1390745454,0.9984,1.0104,1.0538,1.1208,1.056,2.6296,5,6,June,2024
17:21:35,2024-06-05,Bitcoin,5632,194,3040,73781.24185982272,19707993,19707993,21000000,71187.10056405645,26504190988,1402954879606,1393096953,0.9984,1.0104,1.0539,1.1208,1.056,2.6296,5,6,June,2024
17:21:56,2024-06-05,Bitcoin,5632,194,3040,73781.24185982272,19707993,19707993,21000000,71186.37532343139,26500664190,1402940586569,1392591029,0.9984,1.0104,1.0538,1.1208,1.056,2.6296,5,6,June,2024
17:22:16,2024-06-05,Bitcoin,5632,194,3040,73781.24185982272,19707993,19707993,21000000,71186.37530598477,26497988899,1402940586225,1385901940,0.9984,1.0104,1.0538,1.1208,1.056,2.6296,5,6,June,2024
17:22:37,2024-06-05,Bitcoin,5632,194,3040,73781.24185982272,19707993,19707993,21000000,71185.12131723521,26518466576,1402915872624,1378320656,0.9984,1.0104,1.0538,1.1208,1.056,2.6295,5,6,June,2024
17:22:58,2024-06-05,Bitcoin,5632,194,3040,73781.24185982272,19707993,19707993,21000000,71175.97645810564,26517262208,1402735645804,1378231569,0.9983,1.0102,1.0537,1.1206,1.0559,2.6292,5,6,June,2024
17:23:18,2024-06-05,Bitcoin,5632,194,3040,73781.24185982272,19707993,19707993,21000000,71175.97643449498,26511383026,1402735645339,1377856080,0.9983,1.0102,1.0537,1.1206,1.0559,2.6292,5,6,June,2024
17:23:39,2024-06-05,Bitcoin,5632,194,3040,73781.24185982272,19707993,19707993,21000000,71170.50522917783,26508696252,1402627818863,1373252054,0.9982,1.0102,1.0536,1.1206,1.0558,2.629,5,6,June,2024
17:23:59,2024-06-05,Bitcoin,5632,194,3040,73781.24185982272,19707993,19707993,21000000,71161.81083639091,26511291861,1402456469830,1371584744,0.9981,1.01,1.0535,1.1204,1.0557,2.6287,5,6,June,2024
17:24:20,2024-06-05,Bitcoin,5632,194,3040,73781.24185982272,19707993,19707993,21000000,71161.80990671412,26505496796,1402456451508,1370607057,0.9981,1.01,1.0535,1.1204,1.0557,2.6287,5,6,June,2024
17:24:41,2024-06-05,Bitcoin,5632,194,3040,73781.24185982272,19707993,19707993,21000000,71152.86805677187,26500602725,1402280225592,1372729250,0.9979,1.0099,1.0533,1.1203,1.0555,2.6283,5,6,June,2024
17:25:03,2024-06-05,Bitcoin,5632,194,3040,73781.24185982272,19707993,19707993,21000000,71112.48962435326,26491255472,1401484447729,1378646084,0.9974,1.0093,1.0527,1.1196,1.0549,2.6269,5,6,June,2024
