Time,Name,Age,Exchanges,Markets,All_Time_High,Circulating_Supply,Total_Supply,Max_Supply,Rate,Volume,Cap,Liquidity,Delta_Hour_Change,Delta_Day_Change,Delta_Week_Change,Delta_Month_Change,Delta_Year_Change
18:37:26,Bitcoin,5624,195,2978,73781.24185982272,19704318,19704318,21000000,68577.3838026599,25917225396,1351270578055,1320111213,1.0016,0.9848,0.9813,1.0851,2.4772
18:46:21,Bitcoin,5624,195,2977,73781.24185982272,19704318,19704318,21000000,68503.70999576716,25888075782,1349818885936,1324409977,1.0005,0.9837,0.9803,1.084,2.4746
18:46:23,Bitcoin,5624,195,2977,73781.24185982272,19704318,19704318,21000000,68501.58894340404,25890817696,1349777092046,1324151876,1.0005,0.9837,0.9802,1.0839,2.4745
18:46:24,Bitcoin,5624,195,2977,73781.24185982272,19704318,19704318,21000000,68499.01580267794,25886113042,1349726390062,1324086874,1.0004,0.9837,0.9802,1.0839,2.4744
18:47:08,Bitcoin,5624,195,2978,73781.24185982272,19704318,19704318,21000000,68540.00763664488,25943126205,1350534106194,1330492340,1.0017,0.9843,0.9796,1.0822,2.4725
18:47:29,Bitcoin,5624,195,2978,73781.24185982272,19704318,19704318,21000000,68541.90471401994,25942356232,1350571486810,1338028656,1.0017,0.9843,0.9797,1.0822,2.4725
18:47:51,Bitcoin,5624,195,2978,73781.24185982272,19704318,19704318,21000000,68542.35455717018,25940619043,1350580350663,1337499027,1.0017,0.9843,0.9797,1.0822,2.4725
18:48:12,Bitcoin,5624,195,2978,73781.24185982272,19704318,19704318,21000000,68544.15555907568,25942321179,1350615838177,1339966363,1.0018,0.9844,0.9797,1.0823,2.4726
18:48:34,Bitcoin,5624,195,2978,73781.24185982272,19704318,19704318,21000000,68546.14144088396,25938849219,1350654968624,1341554650,1.0018,0.9844,0.9797,1.0823,2.4727
18:48:54,Bitcoin,5624,195,2978,73781.24185982272,19704318,19704318,21000000,68546.43851098888,25936561088,1350660822187,1341300408,1.0018,0.9844,0.9797,1.0823,2.4727
18:49:18,Bitcoin,5624,195,2978,73781.24185982272,19704318,19704318,21000000,68546.43851098888,25936561088,1350660822187,1341300408,1.0018,0.9844,0.9797,1.0823,2.4727
19:00:15,Bitcoin,5624,195,2979,73781.24185982272,19704318,19704318,21000000,68617.43724660794,25951008502,1352059803852,1324933207,1.0028,0.9865,0.9789,1.0838,2.4754
19:02:57,Bitcoin,5624,195,2978,73781.24185982272,19704318,19704318,21000000,68602.32415394542,25919858018,1351762010668,1311609486,1.0028,0.9861,0.9782,1.0838,2.4745
19:03:18,Bitcoin,5624,195,2978,73781.24185982272,19704318,19704318,21000000,68601.70620501672,25922416335,1351749834406,1313763753,1.0028,0.9861,0.9782,1.0838,2.4744
19:08:14,Bitcoin,5624,195,2979,73781.24185982272,19704318,19704318,21000000,68525.46812282134,25921382770,1350247614990,1319937685,1.0006,0.9858,0.9767,1.0855,2.4702
19:08:34,Bitcoin,5624,195,2979,73781.24185982272,19704318,19704318,21000000,68517.08689266237,25914799387,1350082468566,1319207647,1.0005,0.9857,0.9766,1.0854,2.4699
19:08:57,Bitcoin,5624,195,2979,73781.24185982272,19704318,19704318,21000000,68491.12801336516,25904501731,1349570966554,1326258505,1.0001,0.9853,0.9762,1.085,2.469
19:09:17,Bitcoin,5624,195,2979,73781.24185982272,19704318,19704318,21000000,68491.12801336516,25904501731,1349570966554,1326258505,1.0001,0.9853,0.9762,1.085,2.469
19:09:38,Bitcoin,5624,195,2979,73781.24185982272,19704318,19704318,21000000,68488.29022768971,25903415952,1349515049922,1328042356,1.0001,0.9853,0.9762,1.0849,2.4689
19:09:58,Bitcoin,5624,195,2980,73781.24185982272,19704318,19704318,21000000,68480.62332111617,25897227410,1349363978757,1338743735,1.0,0.9851,0.9761,1.0848,2.4686
19:10:19,Bitcoin,5624,195,2980,73781.24185982272,19704318,19704318,21000000,68480.48200264273,25898473396,1349361194173,1337326247,1.0,0.9851,0.9761,1.0848,2.4686
19:10:39,Bitcoin,5624,195,2980,73781.24185982272,19704318,19704318,21000000,68469.74112935485,25900408613,1349149552590,1337919067,0.9982,0.985,0.9764,1.0862,2.4658
19:11:01,Bitcoin,5624,195,2980,73781.24185982272,19704318,19704318,21000000,68443.629905761,25891532700,1348635048737,1333053147,0.9978,0.9846,0.9761,1.0858,2.4649
19:11:22,Bitcoin,5624,195,2980,73781.24185982272,19704318,19704318,21000000,68440.81877106612,25919797495,1348579657245,1334928791,0.9978,0.9846,0.976,1.0857,2.4648
19:11:43,Bitcoin,5624,195,2980,73781.24185982272,19704318,19704318,21000000,68440.21015134339,25915461808,1348567664808,1338674651,0.9977,0.9845,0.976,1.0857,2.4647
19:12:07,Bitcoin,5624,195,2980,73781.24185982272,19704318,19704318,21000000,68428.73725966613,25911541196,1348341599302,1340173776,0.9976,0.9844,0.9758,1.0856,2.4643
19:12:28,Bitcoin,5624,195,2980,73781.24185982272,19704318,19704318,21000000,68425.92342040438,25911443093,1348286154519,1342674499,0.9975,0.9843,0.9758,1.0855,2.4642
19:17:29,Bitcoin,5624,195,2980,73781.24185982272,19704318,19704318,21000000,68407.9888894317,25901038223,1347932766817,1331563115,0.9978,0.9841,0.9754,1.0843,2.4586
19:17:49,Bitcoin,5624,195,2980,73781.24185982272,19704318,19704318,21000000,68409.89541207737,25898125192,1347970333546,1329498058,0.9978,0.9842,0.9754,1.0843,2.4587
19:18:13,Bitcoin,5624,195,2980,73781.24185982272,19704318,19704318,21000000,68424.58841496707,25902567567,1348259849147,1328271959,0.998,0.9844,0.9757,1.0845,2.4592
19:18:34,Bitcoin,5624,195,2980,73781.24185982272,19704318,19704318,21000000,68426.37156937359,25900539113,1348294984989,1333205536,0.9981,0.9844,0.9757,1.0846,2.4593
19:18:57,Bitcoin,5624,195,2980,73781.24185982272,19704318,19704318,21000000,68417.87086271762,25895027878,1348127484361,1333138355,0.9979,0.9843,0.9756,1.0844,2.459
19:19:22,Bitcoin,5624,195,2980,73781.24185982272,19704318,19704318,21000000,68421.31803884162,25895168771,1348195408616,1334646843,0.998,0.9843,0.9756,1.0845,2.4591
19:19:42,Bitcoin,5624,195,2980,73781.24185982272,19704318,19704318,21000000,68422.39408269519,25891904540,1348216611326,1338393380,0.998,0.9844,0.9756,1.0845,2.4591
19:20:03,Bitcoin,5624,195,2980,73781.24185982272,19704318,19704318,21000000,68426.87502279227,25892362990,1348304905195,1336793876,0.9981,0.9844,0.9757,1.0846,2.4593
19:20:26,Bitcoin,5624,195,2980,73781.24185982272,19704318,19704318,21000000,68423.56184672457,25887473087,1348239621320,1336225788,0.998,0.9844,0.9756,1.0845,2.4592
19:20:46,Bitcoin,5624,195,2980,73781.24185982272,19704318,19704318,21000000,68422.83847123217,25882506061,1348225367699,1343515907,0.998,0.9844,0.9756,1.0845,2.4591
19:21:07,Bitcoin,5624,195,2980,73781.24185982272,19704318,19704318,21000000,68420.05465441385,25897268452,1348170514487,1340164617,0.998,0.9843,0.9756,1.0845,2.459
19:21:29,Bitcoin,5624,195,2980,73781.24185982272,19704318,19704318,21000000,68418.39032308757,25896428522,1348137719974,1341781416,0.9978,0.9855,0.9754,1.0856,2.4608
19:21:54,Bitcoin,5624,195,2981,73781.24185982272,19704318,19704318,21000000,68417.81068901559,25891351137,1348126298680,1344840111,0.9978,0.9854,0.9754,1.0855,2.4608
19:22:14,Bitcoin,5624,195,2981,73781.24185982272,19704318,19704318,21000000,68417.38549934067,25892201727,1348117920607,1342449613,0.9978,0.9854,0.9754,1.0855,2.4608
19:22:38,Bitcoin,5624,195,2981,73781.24185982272,19704318,19704318,21000000,68417.40944087965,25893058609,1348118392359,1342791660,0.9978,0.9854,0.9754,1.0855,2.4608
19:23:02,Bitcoin,5624,195,2981,73781.24185982272,19704318,19704318,21000000,68421.49053349797,25888699071,1348198807506,1341407099,0.9979,0.9855,0.9755,1.0856,2.461
19:23:55,Bitcoin,5624,195,2981,73781.24185982272,19704318,19704318,21000000,68418.30442505327,25884600585,1348136027412,1349118885,0.9978,0.9855,0.9754,1.0856,2.4608
19:24:02,Bitcoin,5624,195,2981,73781.24185982272,19704318,19704318,21000000,68414.81599524073,25881254239,1348067290281,1349520152,0.9978,0.9854,0.9754,1.0855,2.4607
19:24:29,Bitcoin,5624,195,2981,73781.24185982272,19704318,19704318,21000000,68419.68121236363,25876454953,1348163156067,1335405065,0.9978,0.9855,0.9755,1.0856,2.4609
19:25:09,Bitcoin,5624,195,2981,73781.24185982272,19704318,19704318,21000000,68433.19094148748,25876729834,1348429356065,1341803331,0.998,0.9857,0.9756,1.0858,2.4614
19:25:39,Bitcoin,5624,195,2981,73781.24185982272,19704318,19704318,21000000,68434.1975090902,25877266711,1348449189793,1342890667,0.9974,0.9859,0.9747,1.0842,2.4607
19:26:17,Bitcoin,5624,195,2981,73781.24185982272,19704318,19704318,21000000,68441.16283054269,25875415147,1348586436702,1326822926,0.9975,0.986,0.9748,1.0843,2.4609
19:26:38,Bitcoin,5624,195,2981,73781.24185982272,19704318,19704318,21000000,68445.17281248148,25900231729,1348665450662,1326617767,0.9976,0.9861,0.9749,1.0843,2.4611
19:26:59,Bitcoin,5624,195,2981,73781.24185982272,19704318,19704318,21000000,68450.64633757446,25900181352,1348773302741,1339061804,0.9976,0.9862,0.9749,1.0844,2.4613
19:27:20,Bitcoin,5624,195,2981,73781.24185982272,19704318,19704318,21000000,68450.91447689373,25904151382,1348778586243,1340439838,0.9977,0.9862,0.9749,1.0844,2.4613
19:27:42,Bitcoin,5624,195,2981,73781.24185982272,19704318,19704318,21000000,68450.0541346527,25899271509,1348761633786,1341544257,0.9976,0.9862,0.9749,1.0844,2.4612
19:28:04,Bitcoin,5624,195,2981,73781.24185982272,19704318,19704318,21000000,68450.5494872132,25896096939,1348771394370,1347053331,0.9976,0.9862,0.9749,1.0844,2.4613
19:43:15,Bitcoin,5624,195,2980,73781.24185982272,19704318,19704318,21000000,68421.28184670369,25855923862,1348194695475,1312180804,0.9987,0.9869,0.9739,1.0851,2.4596
15:49:07,Bitcoin,5624,195,2980,73781.24185982272,19704318,19704318,21000000,68421.35498596511,25853313098,1348196136634,1312422019,0.9987,0.9869,0.9739,1.0851,2.4596
15:49:46,Bitcoin,5630,197,3012,73781.24185982272,19707296,19707296,21000000,69067.46774437863,24719741146,1361133030808,1378902344,0.9957,1.0182,0.9896,1.0853,2.5364
15:50:06,Bitcoin,5630,197,3012,73781.24185982272,19707296,19707296,21000000,69067.5282345458,24717808151,1361134222906,1378364835,0.9957,1.0182,0.9896,1.0853,2.5364
15:50:27,Bitcoin,5630,197,3012,73781.24185982272,19707296,19707296,21000000,69079.11255946159,24720612465,1361362518626,1374678153,0.9959,1.0183,0.9897,1.0855,2.5368
15:50:50,Bitcoin,5630,197,3012,73781.24185982272,19707296,19707296,21000000,69093.96976068793,24753131803,1361655313888,1392878994,0.9961,1.0183,0.9964,1.0857,2.5373
15:51:12,Bitcoin,5630,197,3012,73781.24185982272,19707296,19707296,21000000,69090.22100495499,24751419364,1361581436050,1394245360,0.9961,1.0183,0.9964,1.0857,2.5371
15:51:32,Bitcoin,5630,197,3012,73781.24185982272,19707296,19707296,21000000,69090.18339526805,24751940298,1361580694864,1395925575,0.9961,1.0183,0.9964,1.0857,2.5371
15:51:53,Bitcoin,5630,197,3012,73781.24185982272,19707296,19707296,21000000,69084.69348430466,24751525653,1361472503564,1392790760,0.996,1.0182,0.9963,1.0856,2.5369
15:52:15,Bitcoin,5630,197,3012,73781.24185982272,19707296,19707296,21000000,69081.6442600162,24747572720,1361412411598,1393935033,0.996,1.0181,0.9963,1.0855,2.5368
15:52:35,Bitcoin,5630,197,3012,73781.24185982272,19707296,19707296,21000000,69081.71343771707,24745664004,1361413774904,1394857354,0.996,1.0181,0.9963,1.0855,2.5368
15:53:06,Bitcoin,5630,197,3012,73781.24185982272,19707296,19707296,21000000,69076.59748013565,24742520724,1361312953213,1393838415,0.9959,1.0181,0.9962,1.0855,2.5366
15:53:54,Bitcoin,5630,197,3012,73781.24185982272,19707296,19707296,21000000,69069.81440758234,24738341308,1361179277195,1392906749,0.9958,1.018,0.9961,1.0854,2.5364
15:54:15,Bitcoin,5630,197,3012,73781.24185982272,19707296,19707296,21000000,69074.95831352148,24738134968,1361280649672,1392465418,0.9959,1.018,0.9962,1.0854,2.5366
15:54:35,Bitcoin,5630,197,3012,73781.24185982272,19707296,19707296,21000000,69075.78279894721,24737271557,1361296898050,1394579154,0.9959,1.0181,0.9962,1.0854,2.5366
15:54:56,Bitcoin,5630,197,3012,73781.24185982272,19707296,19707296,21000000,69081.34571872646,24741934058,1361406528157,1394705522,0.9959,1.0181,0.9963,1.0855,2.5368
15:55:17,Bitcoin,5630,197,3012,73781.24185982272,19707296,19707296,21000000,69082.72232354176,24738651467,1361433657315,1393773134,0.996,1.0182,0.9963,1.0856,2.5369
15:55:37,Bitcoin,5630,197,3012,73781.24185982272,19707296,19707296,21000000,69083.45394415842,24764068617,1361448075579,1401409432,0.996,1.0182,0.9963,1.0856,2.5369
15:55:58,Bitcoin,5630,197,3012,73781.24185982272,19707296,19707296,21000000,69086.84557317368,24763270539,1361514915416,1368767991,0.996,1.0182,0.9963,1.0856,2.537
15:56:18,Bitcoin,5630,197,3012,73781.24185982272,19707296,19707296,21000000,69102.85893254961,24768590581,1361830495429,1368067288,0.9969,1.0179,0.9962,1.0859,2.5383
15:56:39,Bitcoin,5630,197,3012,73781.24185982272,19707296,19707296,21000000,69116.82159495118,24772529790,1362105661750,1363894272,0.9971,1.0181,0.9964,1.0861,2.5388
15:56:59,Bitcoin,5630,197,3012,73781.24185982272,19707296,19707296,21000000,69166.77081000298,24796366382,1363090025716,1391341004,0.9978,1.0188,0.9971,1.0869,2.5406
15:57:20,Bitcoin,5630,197,3012,73781.24185982272,19707296,19707296,21000000,69164.60854842054,24793203077,1363047413387,1391273264,0.9978,1.0188,0.9971,1.0868,2.5405
15:57:42,Bitcoin,5630,197,3012,73781.24185982272,19707296,19707296,21000000,69158.0091481602,24793225776,1362917357053,1390149638,0.9977,1.0187,0.997,1.0867,2.5403
15:58:03,Bitcoin,5630,197,3012,73781.24185982272,19707296,19707296,21000000,69150.63632045132,24789755272,1362772058555,1390339547,0.9976,1.0186,0.9969,1.0866,2.54
15:58:23,Bitcoin,5630,197,3012,73781.24185982272,19707296,19707296,21000000,69150.49206422463,24789140945,1362769215655,1394258370,0.9976,1.0186,0.9969,1.0866,2.54
15:58:48,Bitcoin,5630,197,3012,73781.24185982272,19707296,19707296,21000000,69134.41975259683,24786974124,1362452473852,1400802114,0.9974,1.0183,0.9967,1.0864,2.5394
15:59:08,Bitcoin,5630,197,3012,73781.24185982272,19707296,19707296,21000000,69126.50458486896,24784082731,1362296487299,1395539241,0.9972,1.0182,0.9966,1.0862,2.5391
15:59:29,Bitcoin,5630,197,3012,73781.24185982272,19707296,19707296,21000000,69115.63876541119,24780970539,1362082351379,1395365121,0.9971,1.0181,0.9964,1.0861,2.5387
15:59:49,Bitcoin,5630,197,3012,73781.24185982272,19707296,19707296,21000000,69115.47916146746,24785216873,1362079206016,1397794419,0.9971,1.0181,0.9964,1.0861,2.5387
16:00:20,Bitcoin,5630,197,3012,73781.24185982272,19707296,19707296,21000000,69096.78141061873,24790095040,1361710723906,1401583258,0.9968,1.0178,0.9961,1.0858,2.5381
16:00:41,Bitcoin,5630,197,3012,73781.24185982272,19707296,19707296,21000000,69108.96087856242,24820773113,1361950748286,1388454113,0.997,1.018,0.9963,1.086,2.5385
16:01:01,Bitcoin,5630,197,3012,73781.24185982272,19707296,19707296,21000000,69118.68365114239,24822093218,1362142357843,1356015546,0.9978,1.018,0.997,1.0798,2.5383
16:01:26,Bitcoin,5630,197,3012,73781.24185982272,19707296,19707296,21000000,69127.30984185854,24818068795,1362312356737,1354673550,0.9979,1.0181,0.9971,1.0799,2.5386
16:01:47,Bitcoin,5630,197,3012,73781.24185982272,19707296,19707296,21000000,69128.66640771828,24820943168,1362339090982,1357706790,0.9979,1.0181,0.9971,1.0799,2.5387
16:02:07,Bitcoin,5630,197,3012,73781.24185982272,19707296,19707296,21000000,69137.32906054484,24824064240,1362509808445,1363244673,0.998,1.0182,0.9972,1.08,2.539
16:02:28,Bitcoin,5630,197,3012,73781.24185982272,19707296,19707296,21000000,69137.82595860717,24822021186,1362519600962,1358177567,0.998,1.0182,0.9972,1.0801,2.539
16:02:49,Bitcoin,5630,197,3012,73781.24185982272,19707296,19707296,21000000,69193.56468569355,24847571402,1363618060556,1358895036,0.9989,1.0191,0.9981,1.0809,2.541
16:03:09,Bitcoin,5630,197,3012,73781.24185982272,19707296,19707296,21000000,69191.4690491137,24838706402,1363576761225,1377383857,0.9988,1.019,0.998,1.0809,2.541
16:03:30,Bitcoin,5630,197,3012,73781.24185982272,19707296,19707296,21000000,69191.98423135187,24838802567,1363586914074,1370668154,0.9988,1.019,0.998,1.0809,2.541
16:03:51,Bitcoin,5630,197,3012,73781.24185982272,19707296,19707296,21000000,69190.6748974147,24838194996,1363561110643,1371495894,0.9988,1.019,0.998,1.0809,2.5409
16:04:12,Bitcoin,5630,197,3012,73781.24185982272,19707296,19707296,21000000,69192.86208834892,24837516891,1363604214262,1337309679,0.9988,1.019,0.998,1.0809,2.541
16:04:33,Bitcoin,5630,197,3012,73781.24185982272,19707296,19707296,21000000,69202.69515633216,24837979611,1363797997443,1334610578,0.999,1.0192,0.9982,1.0811,2.5414
16:04:56,Bitcoin,5630,197,3012,73781.24185982272,19707296,19707296,21000000,69222.189881597,24846070260,1364182185764,1338549138,0.9993,1.0195,0.9985,1.0814,2.5421
16:05:17,Bitcoin,5630,197,3012,73781.24185982272,19707296,19707296,21000000,69222.189881597,24846070260,1364182185764,1338549138,0.9993,1.0195,0.9985,1.0814,2.5421
16:06:19,Bitcoin,5630,197,3012,73781.24185982272,19707296,19707296,21000000,69238.8567580597,24871401085,1364510644832,1359850945,1.0006,1.0207,0.9976,1.0802,2.5427
16:06:20,Bitcoin,5630,197,3012,73781.24185982272,19707296,19707296,21000000,69249.69628296565,24874293361,1364724262558,1361931061,1.0008,1.0208,0.9978,1.0804,2.5431
16:06:21,Bitcoin,5630,197,3012,73781.24185982272,19707296,19707296,21000000,69253.69690486687,24872621845,1364803103998,1374756649,1.0009,1.0209,0.9978,1.0805,2.5432
16:06:39,Bitcoin,5630,197,3012,73781.24185982272,19707296,19707296,21000000,69253.55476950844,24873343446,1364800302894,1374383317,1.0008,1.0209,0.9978,1.0805,2.5432
16:07:00,Bitcoin,5630,197,3013,73781.24185982272,19707296,19707296,21000000,69271.42636509778,24882164370,1365152503719,1377580010,1.0011,1.0211,0.9981,1.0807,2.5439
16:07:20,Bitcoin,5630,197,3013,73781.24185982272,19707296,19707296,21000000,69271.46979752727,24879345566,1365153359654,1374269534,1.0011,1.0211,0.9981,1.0807,2.5439
16:07:41,Bitcoin,5630,197,3013,73781.24185982272,19707296,19707296,21000000,69271.33246223128,24878761581,1365150653147,1375261377,1.0011,1.0211,0.9981,1.0807,2.5439
16:08:04,Bitcoin,5630,197,3013,73781.24185982272,19707296,19707296,21000000,69271.2507458813,24877387585,1365149042739,1376245929,1.0011,1.0211,0.9981,1.0807,2.5439
16:08:25,Bitcoin,5630,197,3013,73781.24185982272,19707296,19707296,21000000,69263.16962368862,24870040266,1364989785672,1371040094,1.001,1.021,0.998,1.0806,2.5436
16:08:52,Bitcoin,5630,197,3013,73781.24185982272,19707296,19707296,21000000,69250.73577269171,24864696880,1364744748090,1371392047,1.0008,1.0208,0.9978,1.0804,2.5431
16:09:12,Bitcoin,5630,197,3013,73781.24185982272,19707296,19707296,21000000,69253.41435278438,24862288734,1364797535660,1374072916,1.0008,1.0209,0.9978,1.0805,2.5432
16:09:33,Bitcoin,5630,197,3013,73781.24185982272,19707296,19707296,21000000,69253.03673340534,24859685037,1364790093804,1377887097,1.0008,1.0209,0.9978,1.0805,2.5432
21:33:56,Bitcoin,5631,197,3001,73781.24185982272,19707384,19707384,21000000,69064.03214759631,25458969119,1361071402121,1308723335,1.0035,1.0111,0.9959,1.09,2.5511
21:34:16,Bitcoin,5631,197,3001,73781.24185982272,19707384,19707384,21000000,69067.32289208633,25457056719,1361136254086,1308338848,1.0036,1.0112,0.996,1.09,2.5513
21:34:43,Bitcoin,5631,197,3001,73781.24185982272,19707384,19707384,21000000,69125.11580783415,25479319874,1362275201269,1348666293,1.0044,1.012,0.9968,1.091,2.5534
21:35:04,Bitcoin,5631,197,3001,73781.24185982272,19707384,19707384,21000000,69124.00765303496,25481199591,1362253362437,1347497554,1.0044,1.012,0.9968,1.0909,2.5534
21:35:24,Bitcoin,5631,197,3001,73781.24185982272,19707384,19707384,21000000,69123.85442747791,25476644468,1362250342762,1353770255,1.0032,1.0111,0.9951,1.0916,2.5535
21:35:45,Bitcoin,5631,197,3001,73781.24185982272,19707384,19707384,21000000,69109.40581203665,25486671140,1361965598349,1359223717,1.003,1.0109,0.9949,1.0914,2.5529
21:36:06,Bitcoin,5631,197,3001,73781.24185982272,19707384,19707384,21000000,69106.16171988641,25484423507,1361901665779,1360255315,1.003,1.0108,0.9949,1.0913,2.5528
21:36:31,Bitcoin,5631,197,3001,73781.24185982272,19707384,19707384,21000000,69099.80479587516,25475859580,1361776387437,1364148608,1.0029,1.0107,0.9948,1.0912,2.5526
21:36:52,Bitcoin,5631,197,3001,73781.24185982272,19707384,19707384,21000000,69099.79839452953,25471941097,1361776261283,1364818602,1.0029,1.0107,0.9948,1.0912,2.5526
21:37:13,Bitcoin,5631,197,3001,73781.24185982272,19707384,19707384,21000000,69099.8120451304,25467715608,1361776530301,1366554897,1.0029,1.0107,0.9948,1.0912,2.5526
21:37:33,Bitcoin,5631,197,3001,73781.24185982272,19707384,19707384,21000000,69088.96765087973,25462748374,1361562815659,1368202542,1.0027,1.0106,0.9946,1.0911,2.5522
21:37:58,Bitcoin,5631,197,3001,73781.24185982272,19707384,19707384,21000000,69087.97536395807,25459881024,1361543260280,1372047389,1.0027,1.0106,0.9946,1.091,2.5521
21:38:19,Bitcoin,5631,197,3001,73781.24185982272,19707384,19707384,21000000,69087.97540368745,25457016144,1361543261063,1371756431,1.0027,1.0106,0.9946,1.091,2.5521
21:38:40,Bitcoin,5631,197,3001,73781.24185982272,19707384,19707384,21000000,69068.18021660134,25446949384,1361153149709,1367257209,1.0024,1.0103,0.9943,1.0907,2.5514
21:39:00,Bitcoin,5631,197,3001,73781.24185982272,19707384,19707384,21000000,69068.23650707775,25446748940,1361154259047,1367114674,1.0024,1.0103,0.9943,1.0907,2.5514
21:39:21,Bitcoin,5631,197,3001,73781.24185982272,19707384,19707384,21000000,69068.23654368946,25444050329,1361154259769,1369946201,1.0024,1.0103,0.9943,1.0907,2.5514
21:39:43,Bitcoin,5631,197,3001,73781.24185982272,19707384,19707384,21000000,69062.70174007244,25439063337,1361045183269,1374165236,1.0024,1.0102,0.9943,1.0906,2.5512
21:40:04,Bitcoin,5631,197,3001,73781.24185982272,19707384,19707384,21000000,69065.5389708463,25436537183,1361101097665,1373526692,1.0024,1.0102,0.9943,1.0907,2.5513
21:40:24,Bitcoin,5631,197,3001,73781.24185982272,19707384,19707384,21000000,69073.77205105554,25437410923,1361263350138,1372633260,1.0025,1.0103,0.9944,1.0908,2.5516
21:40:45,Bitcoin,5631,197,3001,73781.24185982272,19707384,19707384,21000000,69073.46355223504,25436340287,1361257270433,1376462737,1.0025,1.0103,0.9944,1.0908,2.5516
21:41:07,Bitcoin,5631,197,3001,73781.24185982272,19707384,19707384,21000000,69070.13806229983,25448553753,1361191733726,1376614212,1.001,1.0103,0.9942,1.0945,2.5505
21:41:28,Bitcoin,5631,197,3001,73781.24185982272,19707384,19707384,21000000,69065.09578492989,25448562128,1361092363630,1376599793,1.001,1.0102,0.9942,1.0944,2.5503
21:41:49,Bitcoin,5631,197,3001,73781.24185982272,19707384,19707384,21000000,69065.09456473052,25446156179,1361092339583,1378533434,1.001,1.0102,0.9942,1.0944,2.5503
21:42:12,Bitcoin,5631,197,3001,73781.24185982272,19707384,19707384,21000000,69064.73319906754,25442170087,1361085218011,1375948947,1.0009,1.0102,0.9942,1.0944,2.5503
21:42:32,Bitcoin,5631,197,3001,73781.24185982272,19707384,19707384,21000000,69068.22453877048,25443496516,1361154023183,1377416277,1.001,1.0103,0.9942,1.0944,2.5505
21:42:53,Bitcoin,5631,197,3001,73781.24185982272,19707384,19707384,21000000,69068.2353003661,25440312120,1361154235266,1376960510,1.001,1.0103,0.9942,1.0944,2.5505
21:43:14,Bitcoin,5631,197,3001,73781.24185982272,19707384,19707384,21000000,69068.23553498721,25435250496,1361154239890,1379364831,1.001,1.0103,0.9942,1.0944,2.5505
21:43:35,Bitcoin,5631,197,3001,73781.24185982272,19707384,19707384,21000000,69072.20699066838,25436207203,1361232506892,1378944049,1.0011,1.0103,0.9943,1.0945,2.5506
21:43:58,Bitcoin,5631,197,3001,73781.24185982272,19707384,19707384,21000000,69071.96245224505,25432959195,1361227687679,1369792578,1.0011,1.0103,0.9943,1.0945,2.5506
21:44:20,Bitcoin,5631,197,3001,73781.24185982272,19707384,19707384,21000000,69071.8511031826,25428732441,1361225493281,1368585511,1.0011,1.0103,0.9943,1.0945,2.5506
21:44:41,Bitcoin,5631,197,3001,73781.24185982272,19707384,19707384,21000000,69072.71682799188,25425858413,1361242554452,1364490694,1.0011,1.0103,0.9943,1.0945,2.5506
21:45:13,Bitcoin,5631,197,3001,73781.24185982272,19707384,19707384,21000000,69073.62387849869,25421905446,1361260430045,1366785705,1.0011,1.0104,0.9943,1.0945,2.5507
21:45:34,Bitcoin,5631,197,3001,73781.24185982272,19707384,19707384,21000000,69066.2284011487,25413794052,1361114684533,1368807544,1.0017,1.0114,0.9957,1.0948,2.5509
21:45:56,Bitcoin,5631,197,3001,73781.24185982272,19707384,19707384,21000000,69064.74200243509,25418331202,1361085391502,1372300101,1.0016,1.0113,0.9957,1.0948,2.5508
21:46:17,Bitcoin,5631,197,3001,73781.24185982272,19707384,19707384,21000000,69064.74204276077,25415670538,1361085392297,1371501076,1.0016,1.0113,0.9957,1.0948,2.5508
21:46:38,Bitcoin,5631,197,3002,73781.24185982272,19707384,19707384,21000000,69052.01482022092,25403613933,1360834572035,1384203171,1.0014,1.0112,0.9955,1.0946,2.5504
21:46:59,Bitcoin,5631,197,3002,73781.24185982272,19707384,19707384,21000000,69050.29515081488,25403573403,1360800681850,1384550227,1.0014,1.0111,0.9955,1.0946,2.5503
21:47:20,Bitcoin,5631,197,3002,73781.24185982272,19707384,19707384,21000000,69050.29519064876,25400901369,1360800682635,1382929415,1.0014,1.0111,0.9955,1.0946,2.5503
21:47:40,Bitcoin,5631,197,3002,73781.24185982272,19707384,19707384,21000000,69049.56379541568,25398113662,1360786268748,1383037836,1.0014,1.0111,0.9955,1.0946,2.5503
21:48:16,Bitcoin,5631,197,3002,73781.24185982272,19707384,19707384,21000000,69040.047150401,25395030347,1360598720571,1381031238,1.0013,1.011,0.9954,1.0944,2.5499
21:48:37,Bitcoin,5631,197,3002,73781.24185982272,19707384,19707384,21000000,69052.23748308419,25395022243,1360838960138,1386690320,1.0015,1.0112,0.9955,1.0946,2.5504
21:48:57,Bitcoin,5631,197,3002,73781.24185982272,19707384,19707384,21000000,69052.98359067414,25396933500,1360853663967,1385882412,1.0015,1.0112,0.9955,1.0946,2.5504
21:49:18,Bitcoin,5631,197,3002,73781.24185982272,19707384,19707384,21000000,69054.99428819516,25393769954,1360893289555,1382210680,1.0015,1.0112,0.9956,1.0947,2.5505
21:49:42,Bitcoin,5631,197,3002,73781.24185982272,19707384,19707384,21000000,69060.62001360733,25392011943,1361004157886,1385400810,1.0016,1.0113,0.9956,1.0947,2.5507
21:50:03,Bitcoin,5631,197,3002,73781.24185982272,19707384,19707384,21000000,69060.62001360733,25392011943,1361004157886,1385400810,1.0016,1.0113,0.9956,1.0947,2.5507
21:50:27,Bitcoin,5631,197,3002,73781.24185982272,19707384,19707384,21000000,69077.8881542585,25395219456,1361344467765,1389251642,1.0018,1.0115,0.9959,1.095,2.5513
21:50:48,Bitcoin,5631,197,3002,73781.24185982272,19707384,19707384,21000000,69078.95185265168,25411162928,1361365430477,1388791537,1.0018,1.0115,0.9959,1.095,2.5514
21:51:09,Bitcoin,5631,197,3002,73781.24185982272,19707384,19707384,21000000,69078.89162441764,25409364993,1361364243536,1388715872,1.0006,1.0103,1.0029,1.0915,2.5505
21:51:30,Bitcoin,5631,197,3002,73781.24185982272,19707384,19707384,21000000,69078.32008124885,25406620235,1361352979916,1384132636,1.0006,1.0103,1.0029,1.0915,2.5505
21:51:51,Bitcoin,5631,197,3002,73781.24185982272,19707384,19707384,21000000,69078.37142625645,25401504421,1361353991791,1384586206,1.0006,1.0103,1.0029,1.0915,2.5505
21:52:11,Bitcoin,5631,197,3002,73781.24185982272,19707384,19707384,21000000,69078.6878152543,25395584967,1361360226991,1384782279,1.0006,1.0103,1.0029,1.0915,2.5505
21:52:32,Bitcoin,5631,197,3002,73781.24185982272,19707384,19707384,21000000,69078.14463868456,25389878049,1361349522402,1384845632,1.0006,1.0103,1.0029,1.0915,2.5505
21:52:53,Bitcoin,5631,197,3002,73781.24185982272,19707384,19707384,21000000,69079.87549894895,25373793354,1361383633129,1382788803,1.0006,1.0103,1.003,1.0915,2.5506
21:53:15,Bitcoin,5631,197,3002,73781.24185982272,19707384,19707384,21000000,69079.19386292752,25364568962,1361370199867,1392722432,1.0006,1.0103,1.003,1.0915,2.5506
21:53:36,Bitcoin,5631,197,3002,73781.24185982272,19707384,19707384,21000000,69077.44921891586,25361151529,1361335817497,1392177358,1.0006,1.0103,1.0029,1.0914,2.5505
21:53:56,Bitcoin,5631,197,3002,73781.24185982272,19707384,19707384,21000000,69082.73235282811,25335518492,1361439934246,1388466447,1.0006,1.0104,1.003,1.0915,2.5507
21:54:17,Bitcoin,5631,197,3002,73781.24185982272,19707384,19707384,21000000,69082.73194506751,25323450080,1361439926210,1378138438,1.0006,1.0104,1.003,1.0915,2.5507
21:54:37,Bitcoin,5631,197,3002,73781.24185982272,19707384,19707384,21000000,69105.3800645508,25323442191,1361886261398,1377017193,1.001,1.0107,1.0033,1.0919,2.5515
21:55:01,Bitcoin,5631,197,3002,73781.24185982272,19707384,19707384,21000000,69117.15626660797,25319703004,1362118339534,1376039734,1.0011,1.0109,1.0035,1.0921,2.552
21:55:21,Bitcoin,5631,197,3002,73781.24185982272,19707384,19707384,21000000,69142.32750768658,25325183588,1362614398847,1379525991,1.0015,1.0113,1.0039,1.0925,2.5529
21:55:42,Bitcoin,5631,197,3002,73781.24185982272,19707384,19707384,21000000,69152.71392214794,25314958542,1362819087905,1385731387,1.0015,1.0096,1.0057,1.0919,2.5523
21:56:03,Bitcoin,5631,197,3002,73781.24185982272,19707384,19707384,21000000,69156.65817457049,25306457837,1362896818802,1387395795,1.0015,1.0096,1.0057,1.0919,2.5524
21:56:23,Bitcoin,5631,197,3002,73781.24185982272,19707384,19707384,21000000,69156.59255802023,25300817542,1362895525672,1396000041,1.0015,1.0096,1.0057,1.0919,2.5524
21:56:44,Bitcoin,5631,197,3002,73781.24185982272,19707384,19707384,21000000,69150.29687741936,25296408636,1362771454277,1394866377,1.0014,1.0095,1.0056,1.0918,2.5522
21:57:12,Bitcoin,5631,197,3002,73781.24185982272,19707384,19707384,21000000,69153.40837079308,25291848304,1362832773672,1394977962,1.0015,1.0096,1.0057,1.0919,2.5523
21:57:33,Bitcoin,5631,197,3002,73781.24185982272,19707384,19707384,21000000,69151.80336308668,25293302339,1362801143168,1396697199,1.0014,1.0096,1.0057,1.0919,2.5523
21:57:53,Bitcoin,5631,197,3002,73781.24185982272,19707384,19707384,21000000,69152.56073644731,25290980243,1362816069016,1407172464,1.0014,1.0096,1.0057,1.0919,2.5523
21:58:14,Bitcoin,5631,197,3002,73781.24185982272,19707384,19707384,21000000,69152.68244559155,25288349547,1362818467585,1405930085,1.0015,1.0096,1.0057,1.0919,2.5523
21:58:35,Bitcoin,5631,197,3002,73781.24185982272,19707384,19707384,21000000,69149.05101441169,25284766482,1362746901576,1406977463,1.0014,1.0095,1.0056,1.0918,2.5522
21:58:55,Bitcoin,5631,197,3002,73781.24185982272,19707384,19707384,21000000,69148.51918672031,25286441599,1362736420644,1388382574,1.0014,1.0095,1.0056,1.0918,2.5521
21:59:16,Bitcoin,5631,197,3002,73781.24185982272,19707384,19707384,21000000,69148.836385368,25282618054,1362742671799,1379033709,1.0014,1.0095,1.0056,1.0918,2.5521
21:59:37,Bitcoin,5631,197,3002,73781.24185982272,19707384,19707384,21000000,69173.71212882144,25292553179,1363232907628,1379994201,1.0018,1.0099,1.006,1.0922,2.5531
21:59:57,Bitcoin,5631,197,3002,73781.24185982272,19707384,19707384,21000000,69174.67370163574,25292019340,1363251857712,1408657742,1.0018,1.0099,1.006,1.0922,2.5531
22:00:26,Bitcoin,5631,197,3002,73781.24185982272,19707384,19707384,21000000,69176.66153321142,25287675387,1363291032673,1404545579,1.0018,1.0099,1.006,1.0923,2.5532
22:00:47,Bitcoin,5631,197,3002,73781.24185982272,19707384,19707384,21000000,69176.66153321142,25287675387,1363291032673,1404545579,1.0018,1.0099,1.006,1.0923,2.5532
22:01:07,Bitcoin,5631,197,3002,73781.24185982272,19707384,19707384,21000000,69178.23608622431,25280674668,1363322062993,1406071256,1.0018,1.01,1.006,1.0923,2.5532
22:01:28,Bitcoin,5631,197,3002,73781.24185982272,19707384,19707384,21000000,69185.41858347136,25216717329,1363463611225,1406367495,1.0028,1.0097,1.0079,1.0909,2.5536
22:01:49,Bitcoin,5631,197,3002,73781.24185982272,19707384,19707384,21000000,69178.93476491871,25202682971,1363335832123,1404713930,1.0027,1.0096,1.0078,1.0908,2.5533
22:02:13,Bitcoin,5631,197,3002,73781.24185982272,19707384,19707384,21000000,69179.38050855155,25178396996,1363344616564,1409274662,1.0027,1.0097,1.0079,1.0908,2.5533
22:02:34,Bitcoin,5631,197,3002,73781.24185982272,19707384,19707384,21000000,69172.2348126844,25167850864,1363203793591,1406528670,1.0026,1.0095,1.0077,1.0907,2.5531
22:02:55,Bitcoin,5631,197,3002,73781.24185982272,19707384,19707384,21000000,69176.35082949926,25161725852,1363284909515,1406610958,1.0027,1.0096,1.0078,1.0908,2.5532
22:03:15,Bitcoin,5631,197,3002,73781.24185982272,19707384,19707384,21000000,69176.32993565744,25152986252,1363284497752,1403997243,1.0027,1.0096,1.0078,1.0908,2.5532
22:03:36,Bitcoin,5631,197,3002,73781.24185982272,19707384,19707384,21000000,69170.80498879933,25133805238,1363175615503,1405361034,1.0026,1.0095,1.0077,1.0907,2.553
22:03:58,Bitcoin,5631,197,3002,73781.24185982272,19707384,19707384,21000000,69170.80304975502,25123759502,1363175577289,1395531416,1.0026,1.0095,1.0077,1.0907,2.553
22:04:18,Bitcoin,5631,197,3002,73781.24185982272,19707384,19707384,21000000,69170.58144605938,25115094167,1363171210060,1401937960,1.0026,1.0095,1.0077,1.0907,2.553
22:04:39,Bitcoin,5631,197,3002,73781.24185982272,19707384,19707384,21000000,69167.63265720344,25086141028,1363113097146,1402203743,1.0025,1.0095,1.0077,1.0906,2.5529
22:05:00,Bitcoin,5631,197,3002,73781.24185982272,19707384,19707384,21000000,69167.60398608346,25082294680,1363112532113,1402306769,1.0025,1.0095,1.0077,1.0906,2.5529
22:05:20,Bitcoin,5631,197,3002,73781.24185982272,19707384,19707384,21000000,69167.81009453956,25076749460,1363116593972,1396143006,1.0025,1.0095,1.0077,1.0906,2.5529
22:05:41,Bitcoin,5631,197,3002,73781.24185982272,19707384,19707384,21000000,69165.50538010233,25072116450,1363071174079,1396326269,1.0025,1.0094,1.0077,1.0906,2.5528
22:06:02,Bitcoin,5631,197,3002,73781.24185982272,19707384,19707384,21000000,69164.9381848945,25048379923,1363059996145,1393923611,1.0037,1.0062,1.0092,1.0896,2.5528
22:06:25,Bitcoin,5631,197,3002,73781.24185982272,19707384,19707384,21000000,69168.3774281995,25041963866,1363127774634,1393693639,1.0038,1.0062,1.0093,1.0897,2.5529
22:06:46,Bitcoin,5631,197,3002,73781.24185982272,19707384,19707384,21000000,69166.07119651002,25036635303,1363082324840,1391247597,1.0037,1.0062,1.0092,1.0896,2.5529
22:07:07,Bitcoin,5631,197,3002,73781.24185982272,19707384,19707384,21000000,69165.53632385768,25038288324,1363071783900,1390980370,1.0037,1.0062,1.0092,1.0896,2.5528
22:07:28,Bitcoin,5631,197,3002,73781.24185982272,19707384,19707384,21000000,69165.41014606474,25034580443,1363069297265,1385096380,1.0037,1.0062,1.0092,1.0896,2.5528
22:07:49,Bitcoin,5631,197,3002,73781.24185982272,19707384,19707384,21000000,69164.64582465144,25028959471,1363054234490,1384385728,1.0037,1.0062,1.0092,1.0896,2.5528
22:08:10,Bitcoin,5631,197,3002,73781.24185982272,19707384,19707384,21000000,69164.85159234192,25031962311,1363058289633,1393521614,1.0037,1.0062,1.0092,1.0896,2.5528
22:08:34,Bitcoin,5631,197,3002,73781.24185982272,19707384,19707384,21000000,69169.86276827526,25027153379,1363157046801,1386232949,1.0038,1.0063,1.0093,1.0897,2.553
22:08:55,Bitcoin,5631,197,3002,73781.24185982272,19707384,19707384,21000000,69171.66709953074,25029877686,1363192605450,1386039049,1.0038,1.0063,1.0093,1.0897,2.5531
22:09:15,Bitcoin,5631,197,3002,73781.24185982272,19707384,19707384,21000000,69171.97435388333,25030023678,1363198660630,1392651535,1.0038,1.0063,1.0093,1.0897,2.5531
22:09:38,Bitcoin,5631,197,3002,73781.24185982272,19707384,19707384,21000000,69211.96417864473,25044073470,1363986755462,1394252129,1.0044,1.0069,1.0099,1.0903,2.5546
22:09:59,Bitcoin,5631,197,3002,73781.24185982272,19707384,19707384,21000000,69211.96430658111,25041144650,1363986757984,1393205731,1.0044,1.0069,1.0099,1.0903,2.5546
22:10:19,Bitcoin,5631,197,3002,73781.24185982272,19707384,19707384,21000000,69211.99131794591,25042644052,1363987290307,1392413235,1.0044,1.0069,1.0099,1.0903,2.5546
22:10:44,Bitcoin,5631,197,3004,73781.24185982272,19707384,19707384,21000000,69214.02128648486,25059512979,1364027295676,1400149270,1.003,1.0073,1.0107,1.0915,2.5534
22:11:05,Bitcoin,5631,197,3004,73781.24185982272,19707384,19707384,21000000,69214.73613031447,25057897504,1364041383378,1399276908,1.003,1.0074,1.0107,1.0915,2.5534
22:11:26,Bitcoin,5631,197,3004,73781.24185982272,19707384,19707384,21000000,69205.69940075141,25054967769,1363863293079,1402609497,1.0029,1.0072,1.0106,1.0914,2.5531
22:11:46,Bitcoin,5631,197,3004,73781.24185982272,19707384,19707384,21000000,69204.97045649239,25049446543,1363848927494,1403640770,1.0029,1.0072,1.0106,1.0914,2.553
22:12:07,Bitcoin,5631,197,3004,73781.24185982272,19707384,19707384,21000000,69204.94508162446,25049583882,1363848427422,1400685290,1.0029,1.0072,1.0106,1.0914,2.553
22:12:27,Bitcoin,5631,197,3004,73781.24185982272,19707384,19707384,21000000,69200.54859424496,25044821158,1363761784157,1398966759,1.0028,1.0072,1.0105,1.0913,2.5529
22:13:05,Bitcoin,5631,197,3004,73781.24185982272,19707384,19707384,21000000,69203.8315865508,25039649249,1363826483347,1398912472,1.0029,1.0072,1.0106,1.0914,2.553
22:13:26,Bitcoin,5631,197,3004,73781.24185982272,19707384,19707384,21000000,69218.29010566171,25086021464,1364111422935,1388570357,1.0031,1.0074,1.0108,1.0916,2.5535
22:13:46,Bitcoin,5631,197,3004,73781.24185982272,19707384,19707384,21000000,69221.51549300157,25084907716,1364174986882,1396535073,1.0031,1.0075,1.0108,1.0916,2.5536
22:14:08,Bitcoin,5631,197,3004,73781.24185982272,19707384,19707384,21000000,69221.7390050559,25085340511,1364179391720,1398676774,1.0031,1.0075,1.0108,1.0917,2.5536
22:14:32,Bitcoin,5631,197,3004,73781.24185982272,19707384,19707384,21000000,69232.30334717629,25086484745,1364387587267,1397936570,1.0033,1.0076,1.011,1.0918,2.554
22:14:54,Bitcoin,5631,197,3004,73781.24185982272,19707384,19707384,21000000,69234.32112252536,25091983176,1364427352340,1396720288,1.0033,1.0076,1.011,1.0919,2.5541
22:15:21,Bitcoin,5631,197,3004,73781.24185982272,19707384,19707384,21000000,69234.32307761951,25083570007,1364427390870,1394086350,1.0033,1.0076,1.011,1.0919,2.5541
22:15:42,Bitcoin,5631,197,3004,73781.24185982272,19707384,19707384,21000000,69233.00719976705,25089629936,1364401458360,1395199765,1.0033,1.0076,1.011,1.0918,2.5541
22:16:03,Bitcoin,5631,197,3004,73781.24185982272,19707384,19707384,21000000,69234.30822257865,25103835958,1364427098116,1397168450,1.0025,1.0074,1.008,1.0917,2.5541
22:16:23,Bitcoin,5631,197,3004,73781.24185982272,19707384,19707384,21000000,69236.30413250196,25098046207,1364466432280,1403003677,1.0025,1.0075,1.008,1.0917,2.5542
22:16:44,Bitcoin,5631,197,3004,73781.24185982272,19707384,19707384,21000000,69236.88680961613,25089033520,1364477915321,1401299830,1.0025,1.0075,1.0081,1.0917,2.5542
22:17:04,Bitcoin,5631,197,3004,73781.24185982272,19707384,19707384,21000000,69236.9049738345,25085863550,1364478273290,1400141106,1.0025,1.0075,1.0081,1.0917,2.5542
22:17:27,Bitcoin,5631,197,3004,73781.24185982272,19707384,19707384,21000000,69232.12811473715,25078699084,1364384133894,1406590099,1.0024,1.0074,1.008,1.0917,2.5541
22:17:56,Bitcoin,5631,197,3004,73781.24185982272,19707384,19707384,21000000,69231.84823052192,25070582478,1364378618108,1407256946,1.0024,1.0074,1.008,1.0917,2.5541
22:18:22,Bitcoin,5631,197,3003,73781.24185982272,19707384,19707384,21000000,69231.41566854632,25064282948,1364370093443,1410100840,1.0024,1.0074,1.008,1.0916,2.554
22:18:43,Bitcoin,5631,197,3003,73781.24185982272,19707384,19707384,21000000,69213.56177787844,25056190590,1364018239964,1404775054,1.0022,1.0071,1.0077,1.0914,2.5534
22:21:54,Bitcoin,5631,197,3003,73781.24185982272,19707384,19707384,21000000,69213.35458453865,25051569921,1364014156725,1406390361,1.0022,1.0071,1.0077,1.0914,2.5534
20:34:02,Bitcoin,5632,197,3024,73781.24185982272,19707821,19707821,21000000,70705.13980267728,26807251551,1393444239011,1403848690,1.0031,1.0274,1.0343,1.0998,2.742
20:34:23,Bitcoin,5632,197,3024,73781.24185982272,19707821,19707821,21000000,70706.55276454291,26804846699,1393472085410,1401232269,1.0031,1.0274,1.0343,1.0998,2.7421
20:34:46,Bitcoin,5632,197,3024,73781.24185982272,19707821,19707821,21000000,70708.24033817423,26799633110,1393505343809,1400001118,1.0031,1.0274,1.0344,1.0998,2.7422
20:35:12,Bitcoin,5632,197,3024,73781.24185982272,19707821,19707821,21000000,70751.22734215447,26815830408,1394352523989,1398076788,1.0037,1.028,1.035,1.1005,2.7438
20:35:34,Bitcoin,5632,197,3024,73781.24185982272,19707821,19707821,21000000,70808.65489371124,26840931177,1395484295896,1393139322,1.0046,1.0289,1.0358,1.1014,2.7461
20:35:55,Bitcoin,5632,197,3024,73781.24185982272,19707821,19707821,21000000,70813.68429109763,26843274215,1395583414359,1373596797,1.0041,1.0278,1.0344,1.1013,2.7492
20:36:15,Bitcoin,5632,197,3024,73781.24185982272,19707821,19707821,21000000,70829.17698170592,26854239493,1395888741532,1368803848,1.0043,1.028,1.0347,1.1015,2.7498
20:36:36,Bitcoin,5632,197,3024,73781.24185982272,19707821,19707821,21000000,70831.89297024412,26859050553,1395942267748,1371077892,1.0043,1.028,1.0347,1.1015,2.7499
20:36:57,Bitcoin,5632,197,3024,73781.24185982272,19707821,19707821,21000000,70852.54092042042,26903562665,1396349193854,1385856614,1.0046,1.0283,1.035,1.1019,2.7507
20:37:18,Bitcoin,5632,197,3024,73781.24185982272,19707821,19707821,21000000,70843.13202446638,26898673443,1396163765017,1385789962,1.0045,1.0282,1.0349,1.1017,2.7503
20:37:39,Bitcoin,5632,197,3024,73781.24185982272,19707821,19707821,21000000,70840.69786310746,26899718894,1396115793001,1384563926,1.0044,1.0282,1.0348,1.1017,2.7502
20:38:00,Bitcoin,5632,197,3024,73781.24185982272,19707821,19707821,21000000,70814.25399274658,26895207945,1395594641937,1385909600,1.0041,1.0278,1.0344,1.1013,2.7492
20:38:20,Bitcoin,5632,197,3024,73781.24185982272,19707821,19707821,21000000,70807.05171646905,26893353072,1395452700765,1385208696,1.004,1.0277,1.0343,1.1012,2.7489
20:38:40,Bitcoin,5632,197,3024,73781.24185982272,19707821,19707821,21000000,70805.9913180328,26892992956,1395431802623,1383629774,1.0039,1.0277,1.0343,1.1011,2.7489
20:39:01,Bitcoin,5632,197,3024,73781.24185982272,19707821,19707821,21000000,70809.7357384024,26897945966,1395505596989,1363575316,1.004,1.0277,1.0344,1.1012,2.749
20:39:21,Bitcoin,5632,197,3024,73781.24185982272,19707821,19707821,21000000,70818.86644892323,26900039154,1395685543398,1363039793,1.0041,1.0278,1.0345,1.1013,2.7494
20:39:42,Bitcoin,5632,197,3024,73781.24185982272,19707821,19707821,21000000,70821.30217038005,26899350808,1395733546160,1365297560,1.0042,1.0279,1.0345,1.1014,2.7495
20:40:04,Bitcoin,5632,197,3024,73781.24185982272,19707821,19707821,21000000,70838.4387816059,26908491448,1396071271427,1385635254,1.0044,1.0281,1.0348,1.1016,2.7501
20:40:25,Bitcoin,5632,197,3024,73781.24185982272,19707821,19707821,21000000,70845.5040003804,26909618996,1396210511494,1376814299,1.0045,1.0282,1.0349,1.1018,2.7504
20:40:49,Bitcoin,5632,197,3024,73781.24185982272,19707821,19707821,21000000,70868.90749764099,26920004544,1396671743429,1344972483,1.0048,1.0286,1.0352,1.1021,2.7513
20:41:10,Bitcoin,5632,197,3024,73781.24185982272,19707821,19707821,21000000,70872.50805709822,26918349269,1396742702610,1344517693,1.0044,1.0271,1.034,1.1017,2.7512
20:41:31,Bitcoin,5632,197,3024,73781.24185982272,19707821,19707821,21000000,70878.40700214311,26923811864,1396858957963,1346962526,1.0045,1.0272,1.0341,1.1018,2.7514
20:41:52,Bitcoin,5632,197,3024,73781.24185982272,19707821,19707821,21000000,70882.75976714154,26925280203,1396944741476,1370888083,1.0045,1.0273,1.0342,1.1018,2.7516
20:42:13,Bitcoin,5632,197,3024,73781.24185982272,19707821,19707821,21000000,70877.46725662894,26953657496,1396840437627,1371131111,1.0045,1.0272,1.0341,1.1017,2.7514
20:42:34,Bitcoin,5632,197,3024,73781.24185982272,19707821,19707821,21000000,70877.13652261542,26952592470,1396833919580,1375393133,1.0045,1.0272,1.0341,1.1017,2.7513
20:42:59,Bitcoin,5632,197,3024,73781.24185982272,19707821,19707821,21000000,70838.86650328714,26936168758,1396079700889,1378319306,1.0039,1.0267,1.0335,1.1011,2.7499
20:43:19,Bitcoin,5632,197,3024,73781.24185982272,19707821,19707821,21000000,70828.95749963383,26932732001,1395884416019,1377469143,1.0038,1.0265,1.0334,1.101,2.7495
20:43:45,Bitcoin,5632,197,3024,73781.24185982272,19707821,19707821,21000000,70827.66442283941,26929091928,1395858932293,1379853810,1.0038,1.0265,1.0334,1.101,2.7494
20:44:06,Bitcoin,5632,197,3024,73781.24185982272,19707821,19707821,21000000,70815.95195613029,26925257673,1395628105096,1386038303,1.0036,1.0263,1.0332,1.1008,2.749
20:44:26,Bitcoin,5632,197,3024,73781.24185982272,19707821,19707821,21000000,70811.20497707286,26923862268,1395534552482,1390699222,1.0035,1.0263,1.0331,1.1007,2.7488
20:44:47,Bitcoin,5632,197,3024,73781.24185982272,19707821,19707821,21000000,70804.12049115472,26919537053,1395394932702,1390629393,1.0034,1.0262,1.033,1.1006,2.7485
20:45:08,Bitcoin,5632,197,3024,73781.24185982272,19707821,19707821,21000000,70790.52664619137,26916878915,1395127027638,1390541231,1.0032,1.026,1.0328,1.1004,2.748
20:45:28,Bitcoin,5632,197,3024,73781.24185982272,19707821,19707821,21000000,70786.41392854633,26918489544,1395045974935,1395020244,1.0026,1.0266,1.0328,1.101,2.7474
20:45:48,Bitcoin,5632,197,3024,73781.24185982272,19707821,19707821,21000000,70786.42744333143,26914661061,1395046241282,1401078605,1.0026,1.0266,1.0328,1.101,2.7474
20:46:09,Bitcoin,5632,197,3024,73781.24185982272,19707821,19707821,21000000,70785.58917228194,26913724801,1395029720786,1403349967,1.0026,1.0266,1.0328,1.101,2.7473
20:46:34,Bitcoin,5632,197,3024,73781.24185982272,19707821,19707821,21000000,70778.36377676982,26911561898,1394887323985,1400805726,1.0025,1.0265,1.0327,1.1009,2.747
20:46:54,Bitcoin,5632,197,3024,73781.24185982272,19707821,19707821,21000000,70747.33688966378,26902307894,1394275851648,1367916321,1.002,1.026,1.0322,1.1004,2.7458
20:47:18,Bitcoin,5632,197,3024,73781.24185982272,19707821,19707821,21000000,70755.95655345189,26935299060,1394445726439,1367357757,1.0021,1.0262,1.0324,1.1005,2.7462
20:47:39,Bitcoin,5632,197,3024,73781.24185982272,19707821,19707821,21000000,70755.85272810412,26936064553,1394443680267,1374815259,1.0021,1.0262,1.0324,1.1005,2.7462
20:48:01,Bitcoin,5632,197,3024,73781.24185982272,19707821,19707821,21000000,70767.89930758503,26940904840,1394681092099,1399770878,1.0023,1.0263,1.0325,1.1007,2.7466
20:48:22,Bitcoin,5632,197,3024,73781.24185982272,19707821,19707821,21000000,70758.49503349188,26934039336,1394495754349,1397887134,1.0022,1.0262,1.0324,1.1006,2.7463
20:48:42,Bitcoin,5632,197,3024,73781.24185982272,19707821,19707821,21000000,70756.16044516952,26930655026,1394449744700,1396592873,1.0021,1.0262,1.0324,1.1005,2.7462
20:49:07,Bitcoin,5632,197,3024,73781.24185982272,19707821,19707821,21000000,70744.72676369161,26923229912,1394224411752,1396025791,1.002,1.026,1.0322,1.1003,2.7457
20:49:32,Bitcoin,5632,197,3024,73781.24185982272,19707821,19707821,21000000,70740.34736665772,26919562314,1394138103379,1397245146,1.0019,1.0259,1.0321,1.1003,2.7456
20:49:53,Bitcoin,5632,197,3024,73781.24185982272,19707821,19707821,21000000,70692.41761832249,26902856934,1393193512479,1370639372,1.0012,1.0252,1.0314,1.0995,2.7437
20:50:14,Bitcoin,5632,197,3024,73781.24185982272,19707821,19707821,21000000,70692.41761832249,26902856934,1393193512479,1370639372,1.0012,1.0252,1.0314,1.0995,2.7437
20:50:38,Bitcoin,5632,197,3024,73781.24185982272,19707821,19707821,21000000,70697.68246385902,26905021042,1393297271112,1366451991,1.0013,1.0253,1.0315,1.0996,2.7439
20:50:59,Bitcoin,5632,197,3024,73781.24185982272,19707821,19707821,21000000,70701.77873809235,26907847378,1393377999751,1390700559,1.001,1.0241,1.0316,1.1002,2.7453
20:51:20,Bitcoin,5632,197,3024,73781.24185982272,19707821,19707821,21000000,70699.31634083472,26907718808,1393329471267,1388222169,1.001,1.0241,1.0316,1.1002,2.7452
20:51:40,Bitcoin,5632,197,3024,73781.24185982272,19707821,19707821,21000000,70727.16473671417,26917534094,1393878302468,1360248397,1.0014,1.0245,1.032,1.1006,2.7462
20:52:01,Bitcoin,5632,197,3024,73781.24185982272,19707821,19707821,21000000,70727.6992514678,26954343555,1393888836589,1334384937,1.0014,1.0245,1.032,1.1006,2.7463
20:52:22,Bitcoin,5632,197,3024,73781.24185982272,19707821,19707821,21000000,70739.79927336134,26957328974,1394127301655,1356937337,1.0016,1.0246,1.0322,1.1008,2.7467
20:52:42,Bitcoin,5632,197,3024,73781.24185982272,19707821,19707821,21000000,70741.32783690993,26964409106,1394157426312,1349860074,1.0016,1.0247,1.0322,1.1008,2.7468
20:53:03,Bitcoin,5632,197,3024,73781.24185982272,19707821,19707821,21000000,70778.94770801361,26985649084,1394898831997,1353461767,1.0021,1.0252,1.0328,1.1014,2.7483
20:53:25,Bitcoin,5632,197,3024,73781.24185982272,19707821,19707821,21000000,70779.02127978485,26991230343,1394900281937,1376142078,1.0021,1.0252,1.0328,1.1014,2.7483
20:53:45,Bitcoin,5632,197,3024,73781.24185982272,19707821,19707821,21000000,70781.41125996714,26990789306,1394947383238,1379201147,1.0021,1.0252,1.0328,1.1014,2.7484
20:54:06,Bitcoin,5632,197,3024,73781.24185982272,19707821,19707821,21000000,70768.22914499074,26990197275,1394687592476,1381628362,1.002,1.0251,1.0326,1.1012,2.7478
20:54:27,Bitcoin,5632,197,3024,73781.24185982272,19707821,19707821,21000000,70777.06094901428,27003129947,1394861648089,1382351162,1.0021,1.0252,1.0327,1.1014,2.7482
20:54:47,Bitcoin,5632,197,3024,73781.24185982272,19707821,19707821,21000000,70779.23732689008,27001372132,1394904539754,1379183205,1.0021,1.0252,1.0328,1.1014,2.7483
20:55:08,Bitcoin,5632,197,3024,73781.24185982272,19707821,19707821,21000000,70856.8139826225,27040340659,1396433406599,1354807157,1.0032,1.0263,1.0339,1.1026,2.7513
20:55:30,Bitcoin,5632,197,3024,73781.24185982272,19707821,19707821,21000000,70868.77247990118,27055701700,1396669082523,1345637023,1.0034,1.0265,1.0341,1.1028,2.7517
20:55:50,Bitcoin,5632,197,3024,73781.24185982272,19707821,19707821,21000000,70883.06106646635,27066218922,1396950679429,1346502074,1.0036,1.0267,1.0343,1.103,2.7523
20:56:12,Bitcoin,5632,197,3024,73781.24185982272,19707821,19707821,21000000,70879.16696346912,27065822160,1396873935145,1357105247,1.0033,1.0265,1.0346,1.1021,2.7557
20:56:34,Bitcoin,5632,197,3024,73781.24185982272,19707821,19707821,21000000,70880.5212582686,27071626839,1396900625344,1383358886,1.0033,1.0265,1.0346,1.1021,2.7558
20:56:54,Bitcoin,5632,197,3024,73781.24185982272,19707821,19707821,21000000,70834.42073544285,27055484711,1395992084492,1383456759,1.0027,1.0258,1.0339,1.1014,2.754
20:57:16,Bitcoin,5632,197,3024,73781.24185982272,19707821,19707821,21000000,70824.47079377505,27096262985,1395795992823,1394337831,1.0025,1.0257,1.0338,1.1013,2.7536
20:57:36,Bitcoin,5632,197,3024,73781.24185982272,19707821,19707821,21000000,70823.28448135876,27094949775,1395772613190,1406200596,1.0025,1.0256,1.0338,1.1013,2.7536
20:57:57,Bitcoin,5632,197,3024,73781.24185982272,19707821,19707821,21000000,70823.28448135876,27094949775,1395772613190,1406200596,1.0025,1.0256,1.0338,1.1013,2.7536
20:58:18,Bitcoin,5632,197,3024,73781.24185982272,19707821,19707821,21000000,70818.46575854614,27094647887,1395677646664,1393255059,1.0024,1.0256,1.0337,1.1012,2.7534
20:58:42,Bitcoin,5632,197,3024,73781.24185982272,19707821,19707821,21000000,70818.67969961946,27090241601,1395681862976,1396434276,1.0024,1.0256,1.0337,1.1012,2.7534
20:59:03,Bitcoin,5632,197,3024,73781.24185982272,19707821,19707821,21000000,70803.76316236441,27086883375,1395387890530,1395545182,1.0022,1.0254,1.0335,1.101,2.7528
20:59:24,Bitcoin,5632,197,3024,73781.24185982272,19707821,19707821,21000000,70798.93864308264,27087197492,1395292809767,1404804273,1.0022,1.0253,1.0334,1.1009,2.7526
20:59:45,Bitcoin,5632,197,3024,73781.24185982272,19707821,19707821,21000000,70798.31930132229,27083118951,1395280603891,1405282011,1.0021,1.0253,1.0334,1.1009,2.7526
21:00:17,Bitcoin,5632,197,3024,73781.24185982272,19707821,19707821,21000000,70827.15217273083,27098122671,1395848836959,1411044193,1.0026,1.0257,1.0338,1.1013,2.7537
21:00:38,Bitcoin,5632,197,3024,73781.24185982272,19707821,19707821,21000000,70828.06185150977,27097299871,1395866764746,1413390511,1.0033,1.0266,1.0342,1.1013,2.7532
21:00:58,Bitcoin,5632,197,3024,73781.24185982272,19707821,19707821,21000000,70813.60417833152,27069460580,1395581835511,1414600810,1.0031,1.0264,1.034,1.1011,2.7527
21:01:24,Bitcoin,5632,197,3024,73781.24185982272,19707821,19707821,21000000,70812.27798859269,27049117096,1395555699201,1411352233,1.0031,1.0264,1.034,1.1011,2.7526
21:01:44,Bitcoin,5632,197,3024,73781.24185982272,19707821,19707821,21000000,70812.27725267815,27046681392,1395555684698,1408266512,1.0031,1.0264,1.034,1.1011,2.7526
21:02:06,Bitcoin,5632,197,3025,73781.24185982272,19707821,19707821,21000000,70825.42133157486,27084794075,1395814725852,1408214838,1.0033,1.0266,1.0342,1.1013,2.7531
21:02:26,Bitcoin,5632,197,3025,73781.24185982272,19707821,19707821,21000000,70827.22570741878,27087887124,1395850286168,1407641316,1.0033,1.0266,1.0342,1.1013,2.7532
21:02:47,Bitcoin,5632,197,3025,73781.24185982272,19707821,19707821,21000000,70826.52465359998,27082555543,1395836469925,1407924380,1.0033,1.0266,1.0342,1.1013,2.7532
21:03:09,Bitcoin,5632,197,3024,73781.24185982272,19707821,19707821,21000000,70827.18347812857,27079891035,1395849453921,1387131415,1.0033,1.0266,1.0342,1.1013,2.7532
21:03:31,Bitcoin,5632,197,3024,73781.24185982272,19707821,19707821,21000000,70832.55752465955,27086594769,1395955364668,1385680922,1.0034,1.0267,1.0343,1.1014,2.7534
21:03:51,Bitcoin,5632,197,3024,73781.24185982272,19707821,19707821,21000000,70844.60431287113,27086038615,1396192780613,1384757761,1.0035,1.0269,1.0344,1.1016,2.7539
21:04:12,Bitcoin,5632,197,3024,73781.24185982272,19707821,19707821,21000000,70844.72375204077,27084462127,1396195134499,1400924736,1.0035,1.0269,1.0344,1.1016,2.7539
21:04:33,Bitcoin,5632,197,3024,73781.24185982272,19707821,19707821,21000000,70844.3333877001,27085335307,1396187441269,1411461682,1.0035,1.0268,1.0344,1.1016,2.7539
21:04:53,Bitcoin,5632,197,3024,73781.24185982272,19707821,19707821,21000000,70842.89643726546,27080858597,1396159122107,1411178200,1.0035,1.0268,1.0344,1.1015,2.7538
21:05:15,Bitcoin,5632,197,3024,73781.24185982272,19707821,19707821,21000000,70842.99843152025,27080752559,1396161132191,1410266414,1.0035,1.0268,1.0344,1.1015,2.7538
21:05:35,Bitcoin,5632,197,3024,73781.24185982272,19707821,19707821,21000000,70848.11097713784,27080761726,1396261889325,1410154954,1.0036,1.0269,1.0345,1.1016,2.754
21:05:59,Bitcoin,5632,197,3024,73781.24185982272,19707821,19707821,21000000,70840.07369266926,27077930290,1396103491961,1411679140,1.0035,1.028,1.034,1.1003,2.7537
21:06:23,Bitcoin,5632,197,3024,73781.24185982272,19707821,19707821,21000000,70828.38830341934,27073302810,1395873198402,1414558734,1.0033,1.0279,1.0338,1.1001,2.7532
21:06:44,Bitcoin,5632,197,3024,73781.24185982272,19707821,19707821,21000000,70828.40140791419,27070581253,1395873456663,1411860297,1.0033,1.0279,1.0338,1.1001,2.7532
21:07:04,Bitcoin,5632,197,3024,73781.24185982272,19707821,19707821,21000000,70820.30866816382,27096990338,1395713966396,1412093114,1.0032,1.0277,1.0337,1.1,2.7529
21:07:25,Bitcoin,5632,197,3024,73781.24185982272,19707821,19707821,21000000,70823.80806256547,27101999425,1395782931835,1411619490,1.0033,1.0278,1.0337,1.1,2.7531
21:07:45,Bitcoin,5632,197,3024,73781.24185982272,19707821,19707821,21000000,70823.61179968099,27097987255,1395779063921,1413199288,1.0032,1.0278,1.0337,1.1,2.7531
21:08:20,Bitcoin,5632,197,3024,73781.24185982272,19707821,19707821,21000000,70819.47380478586,27099610259,1395697513058,1414155143,1.0032,1.0277,1.0337,1.1,2.7529
21:08:41,Bitcoin,5632,197,3024,73781.24185982272,19707821,19707821,21000000,70818.654133784,27095789916,1395681359129,1424148336,1.0032,1.0277,1.0337,1.1,2.7529
21:09:01,Bitcoin,5632,197,3024,73781.24185982272,19707821,19707821,21000000,70810.2808394568,27096085462,1395516339743,1425272713,1.0031,1.0276,1.0335,1.0998,2.7525
21:09:22,Bitcoin,5632,197,3024,73781.24185982272,19707821,19707821,21000000,70806.99326702653,27092618257,1395451548854,1424495760,1.003,1.0275,1.0335,1.0998,2.7524
21:09:42,Bitcoin,5632,197,3024,73781.24185982272,19707821,19707821,21000000,70806.20902237037,27088389536,1395436093101,1429802392,1.003,1.0275,1.0335,1.0998,2.7524
21:10:12,Bitcoin,5632,197,3024,73781.24185982272,19707821,19707821,21000000,70810.31450863267,27089889635,1395517003289,1429661657,1.0031,1.0276,1.0335,1.0998,2.7525
21:10:32,Bitcoin,5632,197,3024,73781.24185982272,19707821,19707821,21000000,70810.46213385531,27091951090,1395519912661,1429206971,1.0031,1.0276,1.0335,1.0998,2.7525
21:10:53,Bitcoin,5632,197,3024,73781.24185982272,19707821,19707821,21000000,70809.62400386031,27088811563,1395503394945,1419490895,1.003,1.0276,1.0335,1.0998,2.7525
21:11:13,Bitcoin,5632,197,3024,73781.24185982272,19707821,19707821,21000000,70780.26827137118,27082060938,1394924857424,1416831826,1.0027,1.0257,1.0328,1.0978,2.752
21:11:34,Bitcoin,5632,197,3024,73781.24185982272,19707821,19707821,21000000,70777.36074130847,27083260848,1394867556342,1419252463,1.0027,1.0257,1.0327,1.0977,2.7519
21:11:55,Bitcoin,5632,197,3024,73781.24185982272,19707821,19707821,21000000,70777.35731745293,27080730695,1394867488865,1419220187,1.0027,1.0257,1.0327,1.0977,2.7519
21:12:15,Bitcoin,5632,197,3024,73781.24185982272,19707821,19707821,21000000,70770.03657484555,27109040589,1394723212980,1404028638,1.0026,1.0256,1.0326,1.0976,2.7516
21:12:37,Bitcoin,5632,197,3025,73781.24185982272,19707821,19707821,21000000,70769.90464639908,27106192974,1394720612958,1404891158,1.0026,1.0256,1.0326,1.0976,2.7516
21:12:57,Bitcoin,5632,197,3025,73781.24185982272,19707821,19707821,21000000,70765.38034012886,27104360524,1394631448740,1405140362,1.0025,1.0255,1.0326,1.0975,2.7514
21:13:18,Bitcoin,5632,197,3025,73781.24185982272,19707821,19707821,21000000,70755.2636802147,27099162718,1394432071417,1405626004,1.0023,1.0254,1.0324,1.0974,2.751
21:13:46,Bitcoin,5632,197,3025,73781.24185982272,19707821,19707821,21000000,70755.25724310496,27094784277,1394431944556,1398990260,1.0023,1.0254,1.0324,1.0974,2.751
21:14:07,Bitcoin,5632,197,3025,73781.24185982272,19707821,19707821,21000000,70754.65187394113,27094445744,1394420014048,1399181847,1.0023,1.0254,1.0324,1.0974,2.751
21:14:27,Bitcoin,5632,197,3025,73781.24185982272,19707821,19707821,21000000,70750.5578824208,27093909263,1394339330396,1403873937,1.0023,1.0253,1.0324,1.0973,2.7508
21:14:48,Bitcoin,5632,197,3025,73781.24185982272,19707821,19707821,21000000,70747.94384073598,27088355743,1394287813331,1404009746,1.0022,1.0253,1.0323,1.0973,2.7507
21:15:19,Bitcoin,5632,197,3025,73781.24185982272,19707821,19707821,21000000,70738.46600008356,27082541198,1394101025744,1403514465,1.0021,1.0251,1.0322,1.0971,2.7504
21:15:40,Bitcoin,5632,197,3025,73781.24185982272,19707821,19707821,21000000,70738.43127342526,27069982694,1394100341357,1407912807,1.0026,1.0243,1.0332,1.0979,2.7514
21:16:00,Bitcoin,5632,197,3025,73781.24185982272,19707821,19707821,21000000,70738.42901040053,27068091230,1394100296758,1407849535,1.0026,1.0243,1.0332,1.0979,2.7514
21:16:21,Bitcoin,5632,197,3025,73781.24185982272,19707821,19707821,21000000,70743.91728388172,27072399403,1394208458669,1407729623,1.0027,1.0243,1.0333,1.0979,2.7516
21:16:48,Bitcoin,5632,197,3025,73781.24185982272,19707821,19707821,21000000,70744.54201216523,27068592966,1394220770702,1407791174,1.0027,1.0243,1.0333,1.0979,2.7516
21:17:09,Bitcoin,5632,197,3025,73781.24185982272,19707821,19707821,21000000,70748.55979951432,27097028959,1394299952536,1408449584,1.0028,1.0244,1.0333,1.098,2.7517
21:17:30,Bitcoin,5632,197,3024,73781.24185982272,19707821,19707821,21000000,70754.97544938613,27100835236,1394426391015,1395904843,1.0028,1.0245,1.0334,1.0981,2.752
21:17:51,Bitcoin,5632,197,3024,73781.24185982272,19707821,19707821,21000000,70756.49489011134,27096479156,1394456335881,1398574651,1.0029,1.0245,1.0334,1.0981,2.7521
21:18:11,Bitcoin,5632,197,3024,73781.24185982272,19707821,19707821,21000000,70762.0833469955,27100289434,1394566472189,1399483535,1.0029,1.0246,1.0335,1.0982,2.7523
21:18:33,Bitcoin,5632,197,3024,73781.24185982272,19707821,19707821,21000000,70760.1665139805,27101540486,1394528695587,1397940983,1.0029,1.0246,1.0335,1.0982,2.7522
21:18:54,Bitcoin,5632,197,3024,73781.24185982272,19707821,19707821,21000000,70761.8097120809,27099681159,1394561079441,1396965764,1.0029,1.0246,1.0335,1.0982,2.7523
21:19:16,Bitcoin,5632,197,3023,73781.24185982272,19707821,19707821,21000000,70778.36404189223,27108155180,1394887329210,1396328843,1.0032,1.0248,1.0338,1.0985,2.7529
21:20:14,Bitcoin,5632,197,3023,73781.24185982272,19707821,19707821,21000000,70789.34524287368,27116486551,1395103744753,1367562136,1.0033,1.025,1.0339,1.0986,2.7533
21:20:34,Bitcoin,5632,197,3022,73781.24185982272,19707821,19707821,21000000,70850.3843423063,27146239679,1396306692399,1389560349,1.0042,1.0259,1.0348,1.0996,2.7557
21:20:55,Bitcoin,5632,197,3022,73781.24185982272,19707821,19707821,21000000,70850.71504255496,27144577270,1396313209780,1391668550,1.0046,1.0265,1.0357,1.0984,2.7559
21:21:15,Bitcoin,5632,197,3022,73781.24185982272,19707821,19707821,21000000,70853.39269881243,27145918443,1396365980550,1390739686,1.0046,1.0265,1.0357,1.0984,2.756
21:21:36,Bitcoin,5632,197,3022,73781.24185982272,19707821,19707821,21000000,70853.95195625983,27145480374,1396377002296,1388038695,1.0046,1.0266,1.0357,1.0985,2.756
21:21:57,Bitcoin,5632,197,3022,73781.24185982272,19707821,19707821,21000000,70854.08344919301,27141290407,1396379593735,1387846187,1.0046,1.0266,1.0357,1.0985,2.756
21:22:17,Bitcoin,5632,197,3022,73781.24185982272,19707821,19707821,21000000,70862.4312632103,27145729339,1396544110960,1392173456,1.0047,1.0267,1.0359,1.0986,2.7563
21:22:38,Bitcoin,5632,197,3022,73781.24185982272,19707821,19707821,21000000,70876.55100658191,27189547521,1396822380335,1386050985,1.0049,1.0269,1.0361,1.0988,2.7569
21:22:58,Bitcoin,5632,197,3022,73781.24185982272,19707821,19707821,21000000,70879.99726364354,27188580927,1396890298552,1380643844,1.005,1.0269,1.0361,1.0989,2.757
21:23:19,Bitcoin,5632,197,3022,73781.24185982272,19707821,19707821,21000000,70881.37641085341,27192463442,1396917478538,1381280985,1.005,1.0269,1.0361,1.0989,2.7571
21:23:40,Bitcoin,5632,197,3022,73781.24185982272,19707821,19707821,21000000,70885.21204142639,27192290809,1396993070459,1385767438,1.005,1.027,1.0362,1.0989,2.7572
21:24:00,Bitcoin,5632,197,3022,73781.24185982272,19707821,19707821,21000000,70899.70265471555,27199807495,1397278648872,1384527671,1.0052,1.0272,1.0364,1.0992,2.7578
21:24:21,Bitcoin,5632,197,3022,73781.24185982272,19707821,19707821,21000000,70900.62120773824,27200490093,1397296751550,1384615653,1.0053,1.0272,1.0364,1.0992,2.7578
21:24:43,Bitcoin,5632,197,3021,73781.24185982272,19707821,19707821,21000000,70901.02804892037,27200575663,1397304769504,1353927185,1.0053,1.0272,1.0364,1.0992,2.7578
21:25:12,Bitcoin,5632,197,3021,73781.24185982272,19707821,19707821,21000000,70949.37428293285,27226513181,1398257568430,1354717837,1.006,1.0279,1.0371,1.0999,2.7597
21:25:33,Bitcoin,5632,197,3021,73781.24185982272,19707821,19707821,21000000,70955.19916298098,27236611882,1398372364123,1389506720,1.006,1.028,1.0372,1.1,2.76
21:25:54,Bitcoin,5632,197,3021,73781.24185982272,19707821,19707821,21000000,70959.91853733757,27238462161,1398465372708,1386156075,1.0061,1.0281,1.0373,1.1001,2.7601
21:26:15,Bitcoin,5632,197,3022,73781.24185982272,19707821,19707821,21000000,70966.84961842258,27247862755,1398601969213,1391512325,1.0043,1.0288,1.0383,1.1,2.7616
21:26:37,Bitcoin,5632,197,3022,73781.24185982272,19707821,19707821,21000000,70974.99663225353,27260810807,1398762529104,1390711942,1.0044,1.0289,1.0384,1.1001,2.7619
21:26:57,Bitcoin,5632,197,3022,73781.24185982272,19707821,19707821,21000000,70977.29164258094,27260219779,1398807758756,1393979375,1.0044,1.0289,1.0384,1.1002,2.762
21:27:18,Bitcoin,5632,197,3022,73781.24185982272,19707821,19707821,21000000,70994.0384136032,27329557418,1399137801122,1405371954,1.0047,1.0292,1.0387,1.1004,2.7627
21:27:39,Bitcoin,5632,197,3022,73781.24185982272,19707821,19707821,21000000,70996.70683213808,27344144693,1399190389837,1388978927,1.0047,1.0292,1.0387,1.1005,2.7628
21:27:59,Bitcoin,5632,197,3022,73781.24185982272,19707821,19707821,21000000,71013.31570284013,27350175649,1399517714488,1389168724,1.0049,1.0295,1.0389,1.1007,2.7634
21:28:20,Bitcoin,5632,197,3022,73781.24185982272,19707821,19707821,21000000,71015.99010405401,27354381402,1399570421108,1387428182,1.005,1.0295,1.039,1.1008,2.7635
21:28:42,Bitcoin,5632,197,3022,73781.24185982272,19707821,19707821,21000000,71020.75371514942,27371745051,1399664301503,1396721754,1.005,1.0296,1.039,1.1008,2.7637
21:29:03,Bitcoin,5632,197,3022,73781.24185982272,19707821,19707821,21000000,71014.39818877021,27375013596,1399539047927,1400235480,1.005,1.0295,1.039,1.1007,2.7635
21:29:24,Bitcoin,5632,197,3022,73781.24185982272,19707821,19707821,21000000,71012.73598512568,27382801151,1399506289515,1400473492,1.0049,1.0295,1.0389,1.1007,2.7634
21:29:44,Bitcoin,5632,197,3022,73781.24185982272,19707821,19707821,21000000,71012.26605359031,27389141371,1399497028188,1398189030,1.0049,1.0294,1.0389,1.1007,2.7634
21:30:06,Bitcoin,5632,197,3023,73781.24185982272,19707821,19707821,21000000,71009.40921556404,27392359069,1399440726136,1397359664,1.0049,1.0294,1.0389,1.1007,2.7633
21:30:27,Bitcoin,5632,197,3023,73781.24185982272,19707821,19707821,21000000,71011.13786406671,27398191782,1399474794031,1395225461,1.0051,1.0292,1.0376,1.1025,2.7651
21:30:48,Bitcoin,5632,197,3023,73781.24185982272,19707821,19707821,21000000,71011.13807788752,27400916204,1399474798245,1395419345,1.0051,1.0292,1.0376,1.1025,2.7651
21:31:09,Bitcoin,5632,197,3023,73781.24185982272,19707821,19707821,21000000,71010.3133167121,27406017220,1399458543999,1398536363,1.0051,1.0292,1.0375,1.1025,2.765
21:31:30,Bitcoin,5632,197,3023,73781.24185982272,19707821,19707821,21000000,71007.59579501838,27410452894,1399404987568,1393220754,1.0051,1.0292,1.0375,1.1024,2.7649
21:31:53,Bitcoin,5632,197,3023,73781.24185982272,19707821,19707821,21000000,71006.84773073872,27403948183,1399390244851,1383958987,1.0051,1.0292,1.0375,1.1024,2.7649
21:32:14,Bitcoin,5632,197,3023,73781.24185982272,19707821,19707821,21000000,71002.78775154828,27454447643,1399310231508,1384041004,1.005,1.0291,1.0374,1.1023,2.7647
21:32:34,Bitcoin,5632,197,3023,73781.24185982272,19707821,19707821,21000000,70957.42969270641,27443445774,1398416323003,1381101589,1.0044,1.0284,1.0368,1.1016,2.763
21:32:55,Bitcoin,5632,197,3023,73781.24185982272,19707821,19707821,21000000,70959.64419267891,27439065239,1398459965973,1360241287,1.0044,1.0285,1.0368,1.1017,2.7631
21:33:15,Bitcoin,5632,197,3023,73781.24185982272,19707821,19707821,21000000,70964.15786348683,27439669538,1398548920589,1362360949,1.0045,1.0285,1.0369,1.1017,2.7632
21:33:36,Bitcoin,5632,197,3023,73781.24185982272,19707821,19707821,21000000,70967.32795385475,27444315609,1398611396162,1361914282,1.0045,1.0286,1.0369,1.1018,2.7634
21:33:57,Bitcoin,5632,197,3023,73781.24185982272,19707821,19707821,21000000,71008.12005845076,27456796861,1399415319658,1384046828,1.0051,1.0292,1.0375,1.1024,2.765
21:34:18,Bitcoin,5632,197,3023,73781.24185982272,19707821,19707821,21000000,71014.03952598569,27458923507,1399531979465,1385185175,1.0052,1.0293,1.0376,1.1025,2.7652
21:34:39,Bitcoin,5632,197,3023,73781.24185982272,19707821,19707821,21000000,71016.77983876066,27463013892,1399585985058,1385830085,1.0052,1.0293,1.0376,1.1026,2.7653
21:35:00,Bitcoin,5632,197,3023,73781.24185982272,19707821,19707821,21000000,71016.27437279609,27459765141,1399576023425,1381663016,1.0052,1.0293,1.0376,1.1025,2.7653
21:35:20,Bitcoin,5632,197,3023,73781.24185982272,19707821,19707821,21000000,71019.10174157373,27459253332,1399631744703,1375838335,1.0052,1.0293,1.0377,1.1026,2.7654
21:35:41,Bitcoin,5632,197,3023,73781.24185982272,19707821,19707821,21000000,71035.96899221675,27478679842,1399964161460,1361938212,1.0055,1.0296,1.0379,1.1028,2.766
21:36:02,Bitcoin,5632,197,3023,73781.24185982272,19707821,19707821,21000000,71120.59655570111,27522545095,1401631986332,1338598335,1.0052,1.0288,1.0392,1.1062,2.77
21:36:22,Bitcoin,5632,197,3023,73781.24185982272,19707821,19707821,21000000,71159.14040157957,27545190133,1402391601548,1329088263,1.0057,1.0294,1.0398,1.1068,2.7715
21:36:48,Bitcoin,5632,197,3023,73781.24185982272,19707821,19707821,21000000,71169.75391647936,27578127487,1402600770800,1361534491,1.0059,1.0295,1.04,1.107,2.7719
21:37:08,Bitcoin,5632,197,3023,73781.24185982272,19707821,19707821,21000000,71211.84019277584,27687454041,1403430199599,1359204394,1.0065,1.0302,1.0406,1.1076,2.7735
21:37:29,Bitcoin,5632,197,3023,73781.24185982272,19707821,19707821,21000000,71193.37096631058,27706551334,1403066211390,1360787858,1.0062,1.0299,1.0403,1.1073,2.7728
21:37:50,Bitcoin,5632,197,3023,73781.24185982272,19707821,19707821,21000000,71188.45049765923,27722353607,1402969239675,1339269717,1.0061,1.0298,1.0402,1.1073,2.7726
21:38:12,Bitcoin,5632,197,3024,73781.24185982272,19707821,19707821,21000000,71129.64846586308,27713220835,1401810379758,1339462197,1.0053,1.029,1.0394,1.1064,2.7703
21:38:37,Bitcoin,5632,197,3024,73781.24185982272,19707821,19707821,21000000,71152.22468501431,27729242431,1402255307844,1337078674,1.0056,1.0293,1.0397,1.1067,2.7712
21:38:58,Bitcoin,5632,197,3024,73781.24185982272,19707821,19707821,21000000,71157.98600214573,27732761706,1402368850850,1365320043,1.0057,1.0294,1.0398,1.1068,2.7714
21:39:18,Bitcoin,5632,197,3024,73781.24185982272,19707821,19707821,21000000,71213.95816755989,27760456630,1403471940267,1369119498,1.0065,1.0302,1.0406,1.1077,2.7736
21:39:39,Bitcoin,5632,197,3024,73781.24185982272,19707821,19707821,21000000,71216.95166458267,27768470680,1403530935571,1375104126,1.0065,1.0302,1.0406,1.1077,2.7737
21:40:00,Bitcoin,5632,197,3024,73781.24185982272,19707821,19707821,21000000,71218.74591133818,27772828702,1403566296265,1363694257,1.0066,1.0303,1.0407,1.1077,2.7738
21:40:20,Bitcoin,5632,197,3024,73781.24185982272,19707821,19707821,21000000,71204.46449141666,27768286943,1403284840597,1363437701,1.0051,1.0309,1.04,1.1089,2.7736
21:40:41,Bitcoin,5632,197,3024,73781.24185982272,19707821,19707821,21000000,71202.29469715769,27771203305,1403242078680,1363598254,1.0051,1.0309,1.04,1.1089,2.7735
21:41:03,Bitcoin,5632,197,3024,73781.24185982272,19707821,19707821,21000000,71175.67144595225,27764978256,1402717392411,1361331657,1.0047,1.0305,1.0396,1.1085,2.7724
21:41:23,Bitcoin,5632,197,3024,73781.24185982272,19707821,19707821,21000000,71175.10834470337,27765506137,1402706294913,1360765797,1.0047,1.0305,1.0396,1.1085,2.7724
21:41:44,Bitcoin,5632,197,3024,73781.24185982272,19707821,19707821,21000000,71168.49363040464,27767870562,1402575933307,1359980859,1.0046,1.0304,1.0395,1.1083,2.7722
21:42:04,Bitcoin,5632,197,3024,73781.24185982272,19707821,19707821,21000000,71167.53838353675,27765785590,1402557107473,1372861471,1.0046,1.0304,1.0395,1.1083,2.7721
21:42:25,Bitcoin,5632,197,3024,73781.24185982272,19707821,19707821,21000000,71126.38096894686,27803932858,1401745984513,1360386247,1.004,1.0298,1.0389,1.1077,2.7705
21:42:45,Bitcoin,5632,197,3024,73781.24185982272,19707821,19707821,21000000,71124.83487936671,27815754151,1401715514457,1371218291,1.004,1.0298,1.0388,1.1077,2.7705
21:43:06,Bitcoin,5632,197,3024,73781.24185982272,19707821,19707821,21000000,71145.23805454743,27820391566,1402117616581,1370130800,1.0043,1.0301,1.0391,1.108,2.7713
21:43:27,Bitcoin,5632,197,3024,73781.24185982272,19707821,19707821,21000000,71147.61501586091,27823574547,1402164461309,1369794259,1.0043,1.0301,1.0392,1.108,2.7714
21:43:47,Bitcoin,5632,197,3024,73781.24185982272,19707821,19707821,21000000,71146.18058787269,27831460017,1402136191859,1367472316,1.0043,1.0301,1.0391,1.108,2.7713
21:44:08,Bitcoin,5632,197,3024,73781.24185982272,19707821,19707821,21000000,71120.85114766097,27829351255,1401637003785,1378369913,1.0039,1.0297,1.0388,1.1076,2.7703
21:44:29,Bitcoin,5632,197,3024,73781.24185982272,19707821,19707821,21000000,71110.08804775083,27826486364,1401424886539,1374897952,1.0038,1.0296,1.0386,1.1074,2.7699
21:44:49,Bitcoin,5632,197,3024,73781.24185982272,19707821,19707821,21000000,71100.90734944215,27828845206,1401243954980,1378827428,1.0037,1.0294,1.0385,1.1073,2.7695
21:45:10,Bitcoin,5632,197,3024,73781.24185982272,19707821,19707821,21000000,71055.35202655332,27817527335,1400346158831,1378135271,1.003,1.0288,1.0378,1.1066,2.7678
21:45:31,Bitcoin,5632,197,3024,73781.24185982272,19707821,19707821,21000000,71053.78405918305,27818075938,1400315257611,1378332852,1.003,1.0287,1.0378,1.1066,2.7677
21:45:56,Bitcoin,5632,197,3024,73781.24185982272,19707821,19707821,21000000,71051.81181784694,27817798314,1400276389031,1378142669,1.0036,1.0286,1.0349,1.1051,2.7657
21:46:16,Bitcoin,5632,197,3024,73781.24185982272,19707821,19707821,21000000,71046.56045498757,27818144387,1400172896112,1379917216,1.0036,1.0285,1.0348,1.105,2.7654
21:46:37,Bitcoin,5632,197,3024,73781.24185982272,19707821,19707821,21000000,71044.52885942679,27815504470,1400132857790,1379094552,1.0035,1.0285,1.0348,1.105,2.7654
21:46:58,Bitcoin,5632,197,3024,73781.24185982272,19707821,19707821,21000000,70994.0598629876,27799547217,1399138223843,1391845793,1.0028,1.0278,1.0341,1.1042,2.7634
21:47:18,Bitcoin,5632,197,3024,73781.24185982272,19707821,19707821,21000000,70987.32212475577,27841368755,1399005437704,1391672192,1.0027,1.0277,1.034,1.1041,2.7631
21:47:39,Bitcoin,5632,197,3024,73781.24185982272,19707821,19707821,21000000,70983.38517022418,27842321107,1398927848908,1394359384,1.0027,1.0276,1.0339,1.104,2.763
21:48:00,Bitcoin,5632,197,3024,73781.24185982272,19707821,19707821,21000000,71012.63656365816,27854561949,1399504330134,1395264250,1.0031,1.028,1.0344,1.1045,2.7641
21:48:20,Bitcoin,5632,197,3024,73781.24185982272,19707821,19707821,21000000,71015.5202574098,27859171811,1399561161454,1395512210,1.0031,1.0281,1.0344,1.1045,2.7642
21:48:41,Bitcoin,5632,197,3024,73781.24185982272,19707821,19707821,21000000,71015.9804220384,27859425653,1399570230297,1395245564,1.0031,1.0281,1.0344,1.1045,2.7643
21:49:03,Bitcoin,5632,197,3024,73781.24185982272,19707821,19707821,21000000,71034.65316156088,27869240527,1399938229305,1369234934,1.0034,1.0283,1.0347,1.1048,2.765
21:49:24,Bitcoin,5632,197,3024,73781.24185982272,19707821,19707821,21000000,71040.39281100091,27871734237,1400051345288,1368482678,1.0035,1.0284,1.0348,1.1049,2.7652
21:49:44,Bitcoin,5632,197,3024,73781.24185982272,19707821,19707821,21000000,71042.45282131806,27877854245,1400091943603,1367661674,1.0035,1.0285,1.0348,1.1049,2.7653
21:50:05,Bitcoin,5632,197,3024,73781.24185982272,19707821,19707821,21000000,71045.57661320912,27876539229,1400153506734,1362492454,1.0036,1.0285,1.0348,1.105,2.7654
21:50:25,Bitcoin,5632,197,3024,73781.24185982272,19707821,19707821,21000000,71097.28706847852,27894572269,1401172607131,1366312047,1.0043,1.0292,1.0356,1.1058,2.7674
21:50:46,Bitcoin,5632,197,3024,73781.24185982272,19707821,19707821,21000000,71098.98286700624,27897959764,1401206027625,1365953136,1.0043,1.0293,1.0356,1.1058,2.7675
21:51:07,Bitcoin,5632,197,3024,73781.24185982272,19707821,19707821,21000000,71110.96094923952,27901053546,1401442089525,1386147703,1.0045,1.0294,1.0358,1.106,2.768
21:51:27,Bitcoin,5632,197,3024,73781.24185982272,19707821,19707821,21000000,71109.5029158447,27900619236,1401413354864,1385859240,1.0045,1.0294,1.0358,1.106,2.7679
21:51:48,Bitcoin,5632,197,3024,73781.24185982272,19707821,19707821,21000000,71108.37477128225,27908955863,1401391121593,1385641293,1.0058,1.0296,1.0355,1.1067,2.7686
21:52:09,Bitcoin,5632,197,3024,73781.24185982272,19707821,19707821,21000000,71113.90969557517,27911617351,1401500202890,1365621645,1.0059,1.0297,1.0355,1.1068,2.7688
21:52:29,Bitcoin,5632,197,3024,73781.24185982272,19707821,19707821,21000000,71118.97275132587,27943509773,1401599984687,1365797701,1.006,1.0298,1.0356,1.1068,2.769
21:52:54,Bitcoin,5632,197,3024,73781.24185982272,19707821,19707821,21000000,71120.11259644762,27946944806,1401622448550,1365555710,1.006,1.0298,1.0356,1.1069,2.769
21:53:15,Bitcoin,5632,197,3024,73781.24185982272,19707821,19707821,21000000,71120.39763423993,27949479832,1401628066024,1371599283,1.006,1.0298,1.0356,1.1069,2.7691
21:53:35,Bitcoin,5632,197,3024,73781.24185982272,19707821,19707821,21000000,71122.40025031008,27948569383,1401667533223,1398070836,1.006,1.0298,1.0357,1.1069,2.7691
21:53:57,Bitcoin,5632,197,3024,73781.24185982272,19707821,19707821,21000000,71115.22756204332,27952196632,1401526175167,1396443570,1.0059,1.0297,1.0356,1.1068,2.7689
21:54:17,Bitcoin,5632,197,3024,73781.24185982272,19707821,19707821,21000000,71122.41276457562,27955378578,1401667779852,1392391598,1.006,1.0298,1.0357,1.1069,2.7691
21:54:38,Bitcoin,5632,197,3024,73781.24185982272,19707821,19707821,21000000,71122.37629482089,27954557594,1401667061112,1390293083,1.006,1.0298,1.0357,1.1069,2.7691
21:54:58,Bitcoin,5632,197,3024,73781.24185982272,19707821,19707821,21000000,71134.4743757032,27966662944,1401905487925,1387649045,1.0062,1.03,1.0358,1.1071,2.7696
21:55:19,Bitcoin,5632,197,3024,73781.24185982272,19707821,19707821,21000000,71129.3592377332,27961239908,1401804679701,1391210267,1.0061,1.0299,1.0358,1.107,2.7694
21:55:40,Bitcoin,5632,197,3024,73781.24185982272,19707821,19707821,21000000,71126.30459805822,27958486109,1401744479410,1391648292,1.0061,1.0299,1.0357,1.107,2.7693
21:56:00,Bitcoin,5632,197,3024,73781.24185982272,19707821,19707821,21000000,71121.21323254949,27951876349,1401644139689,1393414526,1.0037,1.0289,1.0368,1.1067,2.7704
21:56:21,Bitcoin,5632,197,3024,73781.24185982272,19707821,19707821,21000000,71106.90205846532,27941566703,1401362097632,1402227926,1.0035,1.0287,1.0365,1.1065,2.7699
21:56:42,Bitcoin,5632,197,3024,73781.24185982272,19707821,19707821,21000000,71050.72182950698,27922663534,1400254907736,1402627908,1.0027,1.0279,1.0357,1.1056,2.7677
21:57:03,Bitcoin,5632,197,3024,73781.24185982272,19707821,19707821,21000000,71044.54670199977,27923481367,1400133209429,1402080673,1.0026,1.0278,1.0356,1.1055,2.7675
21:57:23,Bitcoin,5632,197,3024,73781.24185982272,19707821,19707821,21000000,71046.98283292154,27952125583,1400181220261,1403484130,1.0026,1.0279,1.0357,1.1056,2.7676
21:57:44,Bitcoin,5632,197,3024,73781.24185982272,19707821,19707821,21000000,71045.53032336762,27950110452,1400152594463,1411058693,1.0026,1.0279,1.0356,1.1056,2.7675
21:58:04,Bitcoin,5632,197,3024,73781.24185982272,19707821,19707821,21000000,71047.78284598257,27949678189,1400196986775,1408916761,1.0026,1.0279,1.0357,1.1056,2.7676
21:58:28,Bitcoin,5632,197,3022,73781.24185982272,19707821,19707821,21000000,71012.69497651086,27936633320,1399505481324,1403824100,1.0021,1.0274,1.0352,1.105,2.7662
21:58:48,Bitcoin,5632,197,3022,73781.24185982272,19707821,19707821,21000000,71007.75629969206,27936916782,1399408150765,1405975633,1.0021,1.0273,1.0351,1.105,2.766
21:59:09,Bitcoin,5632,197,3022,73781.24185982272,19707821,19707821,21000000,70997.73937109507,27937744829,1399210738930,1404597011,1.0019,1.0272,1.035,1.1048,2.7656
21:59:30,Bitcoin,5632,197,3022,73781.24185982272,19707821,19707821,21000000,71009.46216534908,27938728852,1399441769660,1406297778,1.0021,1.0273,1.0351,1.105,2.7661
21:59:57,Bitcoin,5632,197,3022,73781.24185982272,19707821,19707821,21000000,71012.52271471682,27941984352,1399502086420,1408144189,1.0021,1.0274,1.0352,1.105,2.7662
22:00:22,Bitcoin,5632,197,3022,73781.24185982272,19707821,19707821,21000000,71015.5440024216,27939663087,1399561629417,1407735174,1.0022,1.0274,1.0352,1.1051,2.7663
22:00:45,Bitcoin,5632,197,3022,73781.24185982272,19707821,19707821,21000000,71014.78553384026,27927760807,1399546681654,1405743461,1.0022,1.0274,1.0352,1.1051,2.7663
22:01:07,Bitcoin,5632,197,3022,73781.24185982272,19707821,19707821,21000000,71026.8794724537,27910669321,1399785026831,1408265521,1.0028,1.0267,1.036,1.1056,2.7662
22:01:28,Bitcoin,5632,197,3022,73781.24185982272,19707821,19707821,21000000,71022.83997546895,27909199236,1399705417148,1408479100,1.0027,1.0267,1.036,1.1055,2.766
22:01:48,Bitcoin,5632,197,3023,73781.24185982272,19707821,19707821,21000000,71020.70575915281,27915002520,1399663356395,1412248585,1.0027,1.0266,1.0359,1.1055,2.7659
22:02:09,Bitcoin,5632,197,3022,73781.24185982272,19707821,19707821,21000000,70989.6503193278,27941752162,1399051321345,1413620425,1.0023,1.0262,1.0355,1.105,2.7647
22:02:29,Bitcoin,5632,197,3021,73781.24185982272,19707821,19707821,21000000,70987.86341669016,27937415294,1399016105388,1414885270,1.0022,1.0262,1.0355,1.105,2.7647
22:02:50,Bitcoin,5632,197,3021,73781.24185982272,19707821,19707821,21000000,70982.81741622885,27938823352,1398916659714,1413973283,1.0022,1.0261,1.0354,1.1049,2.7645
22:03:11,Bitcoin,5632,197,3021,73781.24185982272,19707821,19707821,21000000,70959.85649535169,27933382616,1398464149996,1411355419,1.0018,1.0258,1.0351,1.1045,2.7636
22:03:31,Bitcoin,5632,197,3021,73781.24185982272,19707821,19707821,21000000,70959.81838860203,27927720563,1398463398995,1418668605,1.0018,1.0258,1.0351,1.1045,2.7636
22:03:52,Bitcoin,5632,197,3021,73781.24185982272,19707821,19707821,21000000,70957.8968837229,27932127577,1398425530320,1410855118,1.0018,1.0257,1.035,1.1045,2.7635
22:04:13,Bitcoin,5632,197,3021,73781.24185982272,19707821,19707821,21000000,70937.35433950053,27929151218,1398020681536,1411674694,1.0015,1.0254,1.0347,1.1042,2.7627
22:04:34,Bitcoin,5632,197,3021,73781.24185982272,19707821,19707821,21000000,70932.73719328096,27923268184,1397929687645,1415323251,1.0015,1.0254,1.0347,1.1041,2.7625
22:04:54,Bitcoin,5632,197,3021,73781.24185982272,19707821,19707821,21000000,70930.06003687438,27927780342,1397876926725,1409941847,1.0014,1.0253,1.0346,1.1041,2.7624
22:05:15,Bitcoin,5632,197,3021,73781.24185982272,19707821,19707821,21000000,70928.47616446538,27936293661,1397845712052,1410088106,1.0014,1.0253,1.0346,1.104,2.7624
22:05:35,Bitcoin,5632,197,3021,73781.24185982272,19707821,19707821,21000000,70921.40546489875,27928042947,1397706363970,1409992755,1.0013,1.0252,1.0345,1.1039,2.7621
22:05:56,Bitcoin,5632,197,3021,73781.24185982272,19707821,19707821,21000000,70918.12317032668,27934921327,1397641677096,1411848476,1.0012,1.0252,1.0345,1.1039,2.7619
22:06:17,Bitcoin,5632,197,3021,73781.24185982272,19707821,19707821,21000000,70906.40277630324,27932819227,1397410693669,1400598373,1.0008,1.0251,1.0336,1.1047,2.7641
22:06:37,Bitcoin,5632,197,3021,73781.24185982272,19707821,19707821,21000000,70906.49034400325,27929595452,1397412419437,1399648159,1.0008,1.0251,1.0336,1.1047,2.7641
22:06:58,Bitcoin,5632,197,3021,73781.24185982272,19707821,19707821,21000000,70906.49034400325,27929595452,1397412419437,1399648159,1.0008,1.0251,1.0336,1.1047,2.7641
22:07:19,Bitcoin,5632,197,3021,73781.24185982272,19707821,19707821,21000000,70910.62831088962,27943096208,1397493969748,1397022326,1.0009,1.0252,1.0337,1.1047,2.7643
22:07:40,Bitcoin,5632,197,3021,73781.24185982272,19707821,19707821,21000000,70912.70011449886,27948695285,1397534800483,1400567659,1.0009,1.0252,1.0337,1.1048,2.7643
22:08:03,Bitcoin,5632,197,3021,73781.24185982272,19707821,19707821,21000000,70925.60099874526,27951983498,1397789048800,1401527733,1.0011,1.0254,1.0339,1.105,2.7648
22:08:23,Bitcoin,5632,197,3021,73781.24185982272,19707821,19707821,21000000,70926.33860837751,27949965621,1397803585479,1399313183,1.0011,1.0254,1.0339,1.105,2.7649
22:08:44,Bitcoin,5632,197,3021,73781.24185982272,19707821,19707821,21000000,70929.73372329045,27951453344,1397870495796,1397480087,1.0012,1.0254,1.0339,1.105,2.765
22:09:27,Bitcoin,5632,197,3021,73781.24185982272,19707821,19707821,21000000,70947.03762504217,27954979673,1398211517994,1402772414,1.0014,1.0257,1.0342,1.1053,2.7657
22:09:48,Bitcoin,5632,197,3019,73781.24185982272,19707821,19707821,21000000,70948.73071807394,27967878028,1398244885169,1401066640,1.0014,1.0257,1.0342,1.1053,2.7657
22:10:13,Bitcoin,5632,197,3019,73781.24185982272,19707821,19707821,21000000,70949.25984737575,28029901381,1398255313154,1402454665,1.0014,1.0257,1.0342,1.1053,2.7658
22:10:34,Bitcoin,5632,197,3019,73781.24185982272,19707821,19707821,21000000,70968.86003759854,28041440344,1398641590195,1395047715,1.0022,1.0253,1.0357,1.1049,2.7626
22:10:55,Bitcoin,5632,197,3019,73781.24185982272,19707821,19707821,21000000,70970.17776926435,28042174431,1398667559814,1395388231,1.0022,1.0254,1.0357,1.1049,2.7626
22:11:15,Bitcoin,5632,197,3019,73781.24185982272,19707821,19707821,21000000,70970.17776926435,28042174431,1398667559814,1395388231,1.0022,1.0254,1.0357,1.1049,2.7626
22:11:37,Bitcoin,5632,197,3019,73781.24185982272,19707821,19707821,21000000,70966.02868190028,28042152169,1398585790343,1393808410,1.0021,1.0253,1.0356,1.1049,2.7625
22:11:57,Bitcoin,5632,197,3019,73781.24185982272,19707821,19707821,21000000,70964.34973164687,28040595566,1398552701892,1393651425,1.0021,1.0253,1.0356,1.1048,2.7624
22:12:17,Bitcoin,5632,197,3019,73781.24185982272,19707821,19707821,21000000,70928.34660517552,28031497396,1397843158720,1395818040,1.0016,1.0247,1.0351,1.1043,2.761
22:12:44,Bitcoin,5632,197,3019,73781.24185982272,19707821,19707821,21000000,70928.50641713689,28032925259,1397846308266,1392601787,1.0016,1.0248,1.0351,1.1043,2.761
22:13:07,Bitcoin,5632,197,3019,73781.24185982272,19707821,19707821,21000000,70928.27387635283,28030624210,1397841725394,1392473623,1.0016,1.0247,1.0351,1.1043,2.761
22:13:28,Bitcoin,5632,197,3019,73781.24185982272,19707821,19707821,21000000,70939.66684109218,28032274644,1398066255903,1392473905,1.0018,1.0249,1.0352,1.1045,2.7614
22:13:48,Bitcoin,5632,197,3019,73781.24185982272,19707821,19707821,21000000,70907.28132149634,28029029636,1397428007880,1403345554,1.0013,1.0244,1.0348,1.104,2.7602
22:14:09,Bitcoin,5632,197,3019,73781.24185982272,19707821,19707821,21000000,70906.95618234962,28025835695,1397421600096,1403261618,1.0013,1.0244,1.0347,1.1039,2.7602
22:14:30,Bitcoin,5632,197,3019,73781.24185982272,19707821,19707821,21000000,70832.74458729278,28040650909,1395959051265,1399767782,1.0003,1.0234,1.0337,1.1028,2.7573
22:14:50,Bitcoin,5632,197,3019,73781.24185982272,19707821,19707821,21000000,70813.13105530522,28058160491,1395572511287,1399162512,1.0,1.0231,1.0334,1.1025,2.7565
22:15:11,Bitcoin,5632,197,3019,73781.24185982272,19707821,19707821,21000000,70782.8505619639,28050880126,1394975748744,1398909730,0.9996,1.0226,1.0329,1.102,2.7553
22:15:32,Bitcoin,5632,197,3019,73781.24185982272,19707821,19707821,21000000,70786.51330904166,28051067929,1395047933508,1399260777,0.9996,1.0227,1.033,1.1021,2.7555
22:15:52,Bitcoin,5632,197,3019,73781.24185982272,19707821,19707821,21000000,70790.7454238116,28056343325,1395131339269,1392772776,0.9997,1.0228,1.0331,1.1021,2.7556
22:16:13,Bitcoin,5632,197,3019,73781.24185982272,19707821,19707821,21000000,70844.48165050294,28084803846,1396190363205,1388314098,1.0014,1.0232,1.0337,1.1024,2.7572
22:16:33,Bitcoin,5632,197,3019,73781.24185982272,19707821,19707821,21000000,70844.59110325619,28082062820,1396192520281,1387758663,1.0014,1.0232,1.0337,1.1024,2.7572
22:16:54,Bitcoin,5632,197,3019,73781.24185982272,19707821,19707821,21000000,70857.29680021733,28095606427,1396442921882,1362742036,1.0016,1.0234,1.0339,1.1026,2.7577
22:17:15,Bitcoin,5632,197,3019,73781.24185982272,19707821,19707821,21000000,70883.24918598526,28136864488,1396954386855,1362710206,1.002,1.0238,1.0343,1.103,2.7587
22:17:35,Bitcoin,5632,197,3019,73781.24185982272,19707821,19707821,21000000,70886.335490085,28147961817,1397015211184,1362563716,1.002,1.0238,1.0343,1.1031,2.7589
22:18:01,Bitcoin,5632,197,3019,73781.24185982272,19707821,19707821,21000000,70901.656145412,28154265356,1397317147917,1392022200,1.0022,1.024,1.0346,1.1033,2.7595
22:18:26,Bitcoin,5632,197,3019,73781.24185982272,19707821,19707821,21000000,70932.5248451629,28164869986,1397925502726,1390545634,1.0027,1.0245,1.035,1.1038,2.7607
22:18:47,Bitcoin,5632,197,3020,73781.24185982272,19707821,19707821,21000000,70938.62979525911,28168577592,1398045817990,1390124673,1.0028,1.0246,1.0351,1.1039,2.7609
22:19:07,Bitcoin,5632,197,3020,73781.24185982272,19707821,19707821,21000000,70943.42635835905,28170537444,1398140347797,1383637007,1.0028,1.0246,1.0352,1.104,2.7611
22:19:33,Bitcoin,5632,197,3020,73781.24185982272,19707821,19707821,21000000,70969.34395497007,28183315590,1398651127151,1384933952,1.0032,1.025,1.0355,1.1044,2.7621
22:19:53,Bitcoin,5632,197,3020,73781.24185982272,19707821,19707821,21000000,70972.85486113765,28190221295,1398720319462,1391248570,1.0032,1.0251,1.0356,1.1044,2.7622
22:20:15,Bitcoin,5632,197,3020,73781.24185982272,19707821,19707821,21000000,70978.89943861905,28196029788,1398839444913,1391896993,1.0033,1.0251,1.0357,1.1045,2.7625
22:20:35,Bitcoin,5632,197,3020,73781.24185982272,19707821,19707821,21000000,70978.89943861905,28196029788,1398839444913,1391896993,1.0033,1.0251,1.0357,1.1045,2.7625
22:20:56,Bitcoin,5632,197,3020,73781.24185982272,19707821,19707821,21000000,70977.84472568464,28195766627,1398818658819,1395205026,1.0019,1.0256,1.035,1.1044,2.7622
22:21:17,Bitcoin,5632,197,3020,73781.24185982272,19707821,19707821,21000000,70961.21613906207,28190477291,1398490945610,1393909156,1.0017,1.0254,1.0348,1.1042,2.7616
22:21:37,Bitcoin,5632,197,3020,73781.24185982272,19707821,19707821,21000000,70961.24061016993,28186226705,1398491427883,1390318893,1.0017,1.0254,1.0348,1.1042,2.7616
22:22:01,Bitcoin,5632,197,3020,73781.24185982272,19707821,19707821,21000000,70951.46071066314,28215403574,1398298687374,1422725294,1.0016,1.0252,1.0347,1.104,2.7612
22:22:21,Bitcoin,5632,197,3020,73781.24185982272,19707821,19707821,21000000,70915.61254979338,28203314054,1397592198236,1422676920,1.001,1.0247,1.0341,1.1035,2.7598
22:22:42,Bitcoin,5632,197,3020,73781.24185982272,19707821,19707821,21000000,70918.35983603858,28202761863,1397646341262,1423158588,1.0011,1.0247,1.0342,1.1035,2.7599
22:23:04,Bitcoin,5632,197,3020,73781.24185982272,19707821,19707821,21000000,70918.89269173426,28204766245,1397656842686,1425335448,1.0011,1.0247,1.0342,1.1035,2.7599
22:23:24,Bitcoin,5632,197,3020,73781.24185982272,19707821,19707821,21000000,70950.11064484026,28217690045,1398272080518,1428578341,1.0015,1.0252,1.0346,1.104,2.7611
22:23:45,Bitcoin,5632,197,3020,73781.24185982272,19707821,19707821,21000000,70955.59389698443,28217992133,1398380143470,1428126946,1.0016,1.0253,1.0347,1.1041,2.7613
22:24:05,Bitcoin,5632,197,3021,73781.24185982272,19707821,19707821,21000000,70955.82854861209,28220258594,1398384767942,1428262286,1.0016,1.0253,1.0347,1.1041,2.7614
22:24:38,Bitcoin,5632,197,3021,73781.24185982272,19707821,19707821,21000000,70961.3343534727,28219704308,1398493275359,1425926961,1.0017,1.0254,1.0348,1.1042,2.7616
22:25:00,Bitcoin,5632,197,3021,73781.24185982272,19707821,19707821,21000000,70963.59260107313,28225458931,1398537780498,1427566883,1.0017,1.0254,1.0348,1.1042,2.7617
22:25:20,Bitcoin,5632,197,3021,73781.24185982272,19707821,19707821,21000000,70967.97140882371,28229498409,1398624077258,1426843186,1.0018,1.0255,1.0349,1.1043,2.7618
22:25:41,Bitcoin,5632,197,3021,73781.24185982272,19707821,19707821,21000000,70968.32589432258,28224885799,1398631063394,1426073409,1.0018,1.0255,1.0349,1.1043,2.7618
22:26:02,Bitcoin,5632,197,3021,73781.24185982272,19707821,19707821,21000000,70968.72274200343,28224195192,1398638884398,1427122546,1.0018,1.0255,1.0349,1.1043,2.7619
22:26:23,Bitcoin,5632,197,3021,73781.24185982272,19707821,19707821,21000000,70970.55033123688,28232390519,1398674902199,1424562905,1.0002,1.0249,1.0341,1.1043,2.7551
22:26:46,Bitcoin,5632,197,3021,73781.24185982272,19707821,19707821,21000000,70970.78357751487,28228670817,1398679498975,1424323790,1.0003,1.0249,1.0341,1.1043,2.7551
22:27:06,Bitcoin,5632,197,3021,73781.24185982272,19707821,19707821,21000000,70963.02855523024,28225395795,1398526664384,1425505396,1.0001,1.0248,1.034,1.1041,2.7548
22:27:29,Bitcoin,5632,197,3021,73781.24185982272,19707821,19707821,21000000,70969.05141202062,28297620303,1398645361767,1410952260,1.0002,1.0249,1.0341,1.1042,2.755
22:27:49,Bitcoin,5632,197,3021,73781.24185982272,19707821,19707821,21000000,70972.66915881325,28298630224,1398716659674,1409861313,1.0003,1.0249,1.0341,1.1043,2.7551
22:28:10,Bitcoin,5632,197,3021,73781.24185982272,19707821,19707821,21000000,71006.58729968702,28323209304,1399385112323,1422754697,1.0008,1.0254,1.0346,1.1048,2.7565
22:28:31,Bitcoin,5632,197,3021,73781.24185982272,19707821,19707821,21000000,71006.4973896917,28313532579,1399383340393,1426273329,1.0008,1.0254,1.0346,1.1048,2.7565
22:28:52,Bitcoin,5632,197,3021,73781.24185982272,19707821,19707821,21000000,71005.95468795863,28312014258,1399372644924,1423414289,1.0007,1.0254,1.0346,1.1048,2.7564
22:29:22,Bitcoin,5632,197,3021,73781.24185982272,19707821,19707821,21000000,70990.31773638328,28308496766,1399064474681,1425123690,1.0005,1.0252,1.0344,1.1046,2.7558
22:29:43,Bitcoin,5632,197,3021,73781.24185982272,19707821,19707821,21000000,70993.6409685845,28306062637,1399129968347,1427108569,1.0006,1.0252,1.0344,1.1046,2.756
22:30:29,Bitcoin,5632,197,3021,73781.24185982272,19707821,19707821,21000000,70995.83912205031,28310808092,1399173289162,1434027086,0.9998,1.0254,1.0314,1.105,2.7557
22:30:50,Bitcoin,5632,197,3021,73781.24185982272,19707821,19707821,21000000,70995.68660323993,28308825135,1399170283348,1433192864,0.9998,1.0254,1.0314,1.105,2.7557
22:31:11,Bitcoin,5632,197,3021,73781.24185982272,19707821,19707821,21000000,70995.79275790646,28307068009,1399172375425,1433011879,0.9998,1.0254,1.0314,1.105,2.7557
22:31:35,Bitcoin,5632,197,3021,73781.24185982272,19707821,19707821,21000000,71000.3571007762,28304770796,1399262328678,1432977887,0.9998,1.0255,1.0315,1.1051,2.7559
22:32:00,Bitcoin,5632,197,3021,73781.24185982272,19707821,19707821,21000000,71005.14064261774,28311427760,1399356601864,1430477132,0.9999,1.0255,1.0315,1.1051,2.756
22:32:23,Bitcoin,5632,197,3021,73781.24185982272,19707821,19707821,21000000,71026.01361725373,28357255491,1399767962712,1395245987,1.0002,1.0258,1.0319,1.1055,2.7568
22:32:44,Bitcoin,5632,197,3021,73781.24185982272,19707821,19707821,21000000,71048.7579809024,28366705871,1400216204559,1394791763,1.0005,1.0262,1.0322,1.1058,2.7577
22:33:05,Bitcoin,5632,197,3021,73781.24185982272,19707821,19707821,21000000,71051.06150952984,28370957293,1400261602089,1395687792,1.0005,1.0262,1.0322,1.1058,2.7578
22:33:25,Bitcoin,5632,197,3021,73781.24185982272,19707821,19707821,21000000,71098.70111729157,28391311238,1401200474952,1412064979,1.0012,1.0269,1.0329,1.1066,2.7597
22:34:10,Bitcoin,5632,197,3021,73781.24185982272,19707821,19707821,21000000,71104.98031714845,28397550866,1401324224298,1412137113,1.0013,1.027,1.033,1.1067,2.7599
22:35:30,Bitcoin,5632,197,3021,73781.24185982272,19707821,19707821,21000000,71140.07780151446,28444158731,1402015919238,1426808438,1.0018,1.0275,1.0335,1.1072,2.7613
22:35:56,Bitcoin,5632,197,3021,73781.24185982272,19707821,19707821,21000000,71135.71740542246,28442017930,1401929985332,1426583915,1.0016,1.0287,1.0342,1.1079,2.7597
22:36:17,Bitcoin,5632,197,3021,73781.24185982272,19707821,19707821,21000000,71099.68095824106,28439675478,1401219785482,1422768714,1.0011,1.0282,1.0337,1.1073,2.7583
22:36:37,Bitcoin,5632,197,3020,73781.24185982272,19707821,19707821,21000000,71100.08260389966,28435849576,1401227701042,1423290252,1.0011,1.0282,1.0337,1.1073,2.7583
22:36:58,Bitcoin,5632,197,3020,73781.24185982272,19707821,19707821,21000000,71105.07619273684,28440399775,1401326113797,1424215182,1.0012,1.0283,1.0338,1.1074,2.7585
22:37:19,Bitcoin,5632,197,3020,73781.24185982272,19707821,19707821,21000000,71138.1589049657,28498772150,1401978101968,1423749163,1.0017,1.0288,1.0343,1.1079,2.7598
22:37:40,Bitcoin,5632,197,3020,73781.24185982272,19707821,19707821,21000000,71138.15891711088,28495619916,1401978102207,1420186162,1.0017,1.0288,1.0343,1.1079,2.7598
22:38:00,Bitcoin,5632,197,3020,73781.24185982272,19707821,19707821,21000000,71141.05817822336,28494422088,1402035240327,1425050777,1.0017,1.0288,1.0343,1.1079,2.7599
22:38:21,Bitcoin,5632,197,3020,73781.24185982272,19707821,19707821,21000000,71134.36615770796,28498513889,1401903355184,1434774556,1.0016,1.0287,1.0342,1.1078,2.7597
22:38:42,Bitcoin,5632,197,3020,73781.24185982272,19707821,19707821,21000000,71134.47774630658,28495791818,1401905554352,1432204023,1.0016,1.0287,1.0342,1.1078,2.7597
22:39:08,Bitcoin,5632,197,3020,73781.24185982272,19707821,19707821,21000000,71132.00084351645,28499590352,1401856739995,1430054982,1.0016,1.0287,1.0342,1.1078,2.7596
22:39:28,Bitcoin,5632,197,3020,73781.24185982272,19707821,19707821,21000000,71121.53906845728,28496386171,1401650561205,1427646054,1.0014,1.0285,1.034,1.1076,2.7592
22:39:50,Bitcoin,5632,197,3020,73781.24185982272,19707821,19707821,21000000,71115.86372783921,28491710507,1401538712608,1427743415,1.0014,1.0285,1.0339,1.1076,2.759
22:40:10,Bitcoin,5632,197,3020,73781.24185982272,19707821,19707821,21000000,71072.24732225796,28484803814,1400679128294,1427816206,1.0007,1.0278,1.0333,1.1069,2.7573
22:40:31,Bitcoin,5632,197,3020,73781.24185982272,19707821,19707821,21000000,71072.24901457595,28488356138,1400679161646,1421715352,1.0007,1.0278,1.0333,1.1069,2.7573
22:40:52,Bitcoin,5632,197,3020,73781.24185982272,19707821,19707821,21000000,71063.13920256608,28482336971,1400499627102,1417843407,1.0006,1.0277,1.0332,1.1067,2.7569
22:41:12,Bitcoin,5632,197,3020,73781.24185982272,19707821,19707821,21000000,71022.70470787765,28477205992,1399702751318,1416965358,0.9972,1.0269,1.0343,1.1065,2.7533
22:41:33,Bitcoin,5632,197,3020,73781.24185982272,19707821,19707821,21000000,71020.824469062,28472403165,1399665695908,1413267229,0.9972,1.0269,1.0343,1.1064,2.7532
22:41:53,Bitcoin,5632,197,3020,73781.24185982272,19707821,19707821,21000000,71008.33700618282,28464892079,1399419595225,1413287732,0.997,1.0267,1.0341,1.1063,2.7527
22:42:22,Bitcoin,5632,197,3020,73781.24185982272,19707821,19707821,21000000,70958.90728334694,28474153541,1398445443095,1415812072,0.9963,1.026,1.0334,1.1055,2.7508
22:42:42,Bitcoin,5632,197,3020,73781.24185982272,19707821,19707821,21000000,70953.61251262066,28461578802,1398341094702,1419904284,0.9962,1.0259,1.0333,1.1054,2.7506
22:43:03,Bitcoin,5632,197,3020,73781.24185982272,19707821,19707821,21000000,70953.61251262066,28461578802,1398341094702,1419904284,0.9962,1.0259,1.0333,1.1054,2.7506
22:43:23,Bitcoin,5632,197,3020,73781.24185982272,19707821,19707821,21000000,70949.15625448857,28472481737,1398253271564,1416166023,0.9962,1.0258,1.0333,1.1053,2.7504
22:43:48,Bitcoin,5632,197,3020,73781.24185982272,19707821,19707821,21000000,70955.81917273525,28470388979,1398384583164,1415581104,0.9963,1.0259,1.0334,1.1054,2.7507
22:44:09,Bitcoin,5632,197,3020,73781.24185982272,19707821,19707821,21000000,70957.08707701117,28474001366,1398409570795,1413759621,0.9963,1.026,1.0334,1.1055,2.7508
22:44:31,Bitcoin,5632,197,3020,73781.24185982272,19707821,19707821,21000000,70995.00321393278,28489124034,1399156815234,1421256811,0.9968,1.0265,1.0339,1.106,2.7522
22:44:54,Bitcoin,5632,197,3020,73781.24185982272,19707821,19707821,21000000,71008.34617182605,28491645679,1399419775860,1421073015,0.997,1.0267,1.0341,1.1063,2.7527
22:45:15,Bitcoin,5632,197,3020,73781.24185982272,19707821,19707821,21000000,71007.2783935489,28490267070,1399398732277,1423862045,0.997,1.0267,1.0341,1.1062,2.7527
22:45:35,Bitcoin,5632,197,3020,73781.24185982272,19707821,19707821,21000000,71025.46607210762,28499503540,1399757171790,1414793868,0.9994,1.0277,1.0349,1.1062,2.7541
22:45:56,Bitcoin,5632,197,3020,73781.24185982272,19707821,19707821,21000000,71015.04466725512,28492622187,1399551788609,1415277640,0.9993,1.0276,1.0348,1.1061,2.7537
22:46:16,Bitcoin,5632,197,3020,73781.24185982272,19707821,19707821,21000000,70976.59892789849,28478602322,1398794106859,1412671632,0.9988,1.027,1.0342,1.1055,2.7522
22:46:41,Bitcoin,5632,197,3020,73781.24185982272,19707821,19707821,21000000,70955.79443501087,28558652809,1398384095637,1405642638,0.9985,1.0267,1.0339,1.1051,2.7514
22:47:02,Bitcoin,5632,197,3020,73781.24185982272,19707821,19707821,21000000,70953.31266559612,28557616089,1398335185370,1405626970,0.9984,1.0267,1.0339,1.1051,2.7513
22:47:23,Bitcoin,5632,197,3020,73781.24185982272,19707821,19707821,21000000,70923.67611475827,28561813983,1397751113531,1397054135,0.998,1.0263,1.0335,1.1046,2.7501
22:47:44,Bitcoin,5632,197,3020,73781.24185982272,19707821,19707821,21000000,70920.40202634876,28557142833,1397686588383,1395777697,0.998,1.0262,1.0334,1.1046,2.75
