Time,Date,Name,Age,Exchanges,Markets,All_Time_High,Circulating_Supply,Total_Supply,Max_Supply,Rate,Volume,Cap,Liquidity,Delta_Hour_Change,Delta_Day_Change,Delta_Week_Change,Delta_Month_Change,Delta_Quarter_Change,Delta_Year_Change,Day,Month_Number,Month_Name,Year
16:04:58,2024-06-05,Bitcoin,5632,194,3040,73781.24185982272,19707975,19707975,21000000,71227.7091250716,26617966615,1403753910744,1444763466,1.0011,1.0115,1.057,1.1264,1.0546,2.6231,5,6,June,2024
16:06:48,2024-06-05,Bitcoin,5632,194,3040,73781.24185982272,19707975,19707975,21000000,71286.02664829144,26625877846,1404903231033,1398611544,1.0017,1.0129,1.0579,1.1282,1.0532,2.6255,5,6,June,2024
16:07:15,2024-06-05,Bitcoin,5632,194,3040,73781.24185982272,19707975,19707975,21000000,71288.89357413833,26639287567,1404959732336,1437546847,1.0018,1.0129,1.0579,1.1282,1.0533,2.6257,5,6,June,2024
16:07:36,2024-06-05,Bitcoin,5632,194,3040,73781.24185982272,19707975,19707975,21000000,71306.73436530038,26647006325,1405311338202,1438464148,1.002,1.0132,1.0582,1.1285,1.0535,2.6263,5,6,June,2024
16:07:57,2024-06-05,Bitcoin,5632,194,3040,73781.24185982272,19707975,19707975,21000000,71307.2917488065,26639984246,1405322323103,1417823931,1.002,1.0132,1.0582,1.1285,1.0535,2.6263,5,6,June,2024
16:08:18,2024-06-05,Bitcoin,5632,194,3040,73781.24185982272,19707975,19707975,21000000,71307.29179818464,26632691205,1405322324076,1419113014,1.002,1.0132,1.0582,1.1285,1.0535,2.6263,5,6,June,2024
16:08:39,2024-06-05,Bitcoin,5632,194,3040,73781.24185982272,19707975,19707975,21000000,71313.00670553716,26634995614,1405434953327,1422941026,1.0021,1.0133,1.0583,1.1286,1.0536,2.6265,5,6,June,2024
16:09:00,2024-06-05,Bitcoin,5632,194,3040,73781.24185982272,19707975,19707975,21000000,71324.59711775203,26639662211,1405663376881,1424423920,1.0023,1.0134,1.0584,1.1288,1.0538,2.627,5,6,June,2024
16:09:24,2024-06-05,Bitcoin,5632,194,3040,73781.24185982272,19707975,19707975,21000000,71328.54315644484,26630846638,1405741145313,1427261172,1.0023,1.0135,1.0585,1.1289,1.0538,2.6271,5,6,June,2024
16:09:45,2024-06-05,Bitcoin,5632,194,3040,73781.24185982272,19707975,19707975,21000000,71348.75673916715,26640364868,1406139514096,1442800938,1.0026,1.0138,1.0588,1.1292,1.0541,2.6279,5,6,June,2024
16:10:15,2024-06-05,Bitcoin,5632,194,3040,73781.24185982272,19707975,19707975,21000000,71349.60881881764,26640024063,1406156306861,1444807307,1.0026,1.0138,1.0588,1.1292,1.0542,2.6279,5,6,June,2024
16:10:35,2024-06-05,Bitcoin,5632,194,3041,73781.24185982272,19707975,19707975,21000000,71321.37945360619,26630079686,1405599963237,1448616002,1.004,1.0145,1.0592,1.1301,1.0544,2.6265,5,6,June,2024
16:10:57,2024-06-05,Bitcoin,5632,194,3041,73781.24185982272,19707975,19707975,21000000,71317.70916696721,26631403219,1405527629319,1446054081,1.004,1.0144,1.0592,1.1301,1.0544,2.6263,5,6,June,2024
16:11:17,2024-06-05,Bitcoin,5632,194,3041,73781.24185982272,19707975,19707975,21000000,71317.74908932568,26621700862,1405528416108,1431680002,1.004,1.0144,1.0592,1.1301,1.0544,2.6263,5,6,June,2024
16:11:39,2024-06-05,Bitcoin,5632,194,3041,73781.24185982272,19707975,19707975,21000000,71309.85830876371,26617688803,1405372904802,1429726488,1.0039,1.0143,1.059,1.13,1.0543,2.626,5,6,June,2024
16:12:00,2024-06-05,Bitcoin,5632,194,3041,73781.24185982272,19707975,19707975,21000000,71310.16037000985,26614048698,1405378857818,1429419890,1.0039,1.0143,1.059,1.13,1.0543,2.626,5,6,June,2024
16:12:21,2024-06-05,Bitcoin,5632,194,3041,73781.24185982272,19707975,19707975,21000000,71306.35721638695,26630950440,1405303905361,1433689919,1.0038,1.0142,1.059,1.1299,1.0542,2.6259,5,6,June,2024
16:12:42,2024-06-05,Bitcoin,5632,194,3041,73781.24185982272,19707975,19707975,21000000,71316.25662851127,26637811071,1405499002728,1433050800,1.004,1.0144,1.0591,1.1301,1.0543,2.6263,5,6,June,2024
16:13:11,2024-06-05,Bitcoin,5632,194,3041,73781.24185982272,19707975,19707975,21000000,71316.19025591688,26634554822,1405497694658,1432415339,1.004,1.0144,1.0591,1.1301,1.0543,2.6263,5,6,June,2024
16:20:58,2024-06-05,Bitcoin,5632,194,3040,73781.24185982272,19707975,19707975,21000000,71341.37445705503,26661887645,1405994024265,1413637865,1.0052,1.0145,1.0593,1.1279,1.0546,2.6237,5,6,June,2024
16:21:18,2024-06-05,Bitcoin,5632,194,3040,73781.24185982272,19707975,19707975,21000000,71347.72376039621,26661407967,1406119156176,1422999882,1.0053,1.0146,1.0594,1.128,1.0547,2.624,5,6,June,2024
16:21:39,2024-06-05,Bitcoin,5632,194,3040,73781.24185982272,19707975,19707975,21000000,71343.5984709128,26660246958,1406037855074,1436409825,1.0053,1.0145,1.0594,1.128,1.0546,2.6238,5,6,June,2024
16:21:59,2024-06-05,Bitcoin,5632,194,3040,73781.24185982272,19707975,19707975,21000000,71342.58849654115,26657788215,1406017950525,1438695690,1.0053,1.0145,1.0594,1.128,1.0546,2.6238,5,6,June,2024
16:22:20,2024-06-05,Bitcoin,5632,194,3040,73781.24185982272,19707975,19707975,21000000,71342.58849654115,26657788215,1406017950525,1438695690,1.0053,1.0145,1.0594,1.128,1.0546,2.6238,5,6,June,2024
16:22:41,2024-06-05,Bitcoin,5632,194,3039,73781.24185982272,19707975,19707975,21000000,71334.97417605516,26654830943,1405867887687,1437407917,1.0051,1.0144,1.0592,1.1278,1.0545,2.6235,5,6,June,2024
16:23:07,2024-06-05,Bitcoin,5632,194,3039,73781.24185982272,19707975,19707975,21000000,71334.97393615267,26649692811,1405867882959,1432202076,1.0051,1.0144,1.0592,1.1278,1.0545,2.6235,5,6,June,2024
16:23:28,2024-06-05,Bitcoin,5632,194,3039,73781.24185982272,19707975,19707975,21000000,71334.43100673422,26643824135,1405857182919,1422541382,1.0051,1.0144,1.0592,1.1278,1.0545,2.6235,5,6,June,2024
16:23:49,2024-06-05,Bitcoin,5632,194,3039,73781.24185982272,19707975,19707975,21000000,71332.37714777917,26650180410,1405816705519,1422140470,1.0051,1.0144,1.0592,1.1278,1.0544,2.6234,5,6,June,2024
16:24:09,2024-06-05,Bitcoin,5632,194,3039,73781.24185982272,19707975,19707975,21000000,71327.72442800553,26644361562,1405725009834,1430731638,1.005,1.0143,1.0591,1.1277,1.0544,2.6232,5,6,June,2024
16:24:30,2024-06-05,Bitcoin,5632,194,3039,73781.24185982272,19707975,19707975,21000000,71334.20350132206,26671356922,1405852699248,1429665058,1.0051,1.0144,1.0592,1.1278,1.0545,2.6235,5,6,June,2024
16:24:50,2024-06-05,Bitcoin,5632,194,3039,73781.24185982272,19707975,19707975,21000000,71346.24181163583,26679356354,1406089949967,1428301253,1.0053,1.0146,1.0594,1.128,1.0546,2.6239,5,6,June,2024
16:25:11,2024-06-05,Bitcoin,5632,194,3039,73781.24185982272,19707975,19707975,21000000,71346.71234392787,26677110475,1406099223206,1429022702,1.0053,1.0146,1.0594,1.128,1.0546,2.6239,5,6,June,2024
16:25:32,2024-06-05,Bitcoin,5632,194,3039,73781.24185982272,19707975,19707975,21000000,71352.69057448146,26677340418,1406217042024,1421912329,1.0054,1.0147,1.0595,1.1281,1.0547,2.6242,5,6,June,2024
16:25:52,2024-06-05,Bitcoin,5632,194,3038,73781.24185982272,19707975,19707975,21000000,71356.73213473235,26680384584,1406296692993,1427122264,1.0045,1.0156,1.0595,1.127,1.0535,2.6428,5,6,June,2024
16:26:13,2024-06-05,Bitcoin,5632,194,3038,73781.24185982272,19707975,19707975,21000000,71356.8272436316,26676771587,1406298567396,1424179812,1.0045,1.0156,1.0595,1.127,1.0535,2.6428,5,6,June,2024
16:26:33,2024-06-05,Bitcoin,5632,194,3038,73781.24185982272,19707975,19707975,21000000,71355.9060875633,26671901016,1406280413276,1429674887,1.0045,1.0156,1.0595,1.127,1.0535,2.6427,5,6,June,2024
16:26:54,2024-06-05,Bitcoin,5632,194,3038,73781.24185982272,19707975,19707975,21000000,71373.60383016833,26682199837,1406629199944,1427206614,1.0048,1.0159,1.0598,1.1272,1.0538,2.6434,5,6,June,2024
16:27:14,2024-06-05,Bitcoin,5632,194,3038,73781.24185982272,19707975,19707975,21000000,71373.74414938207,26679865428,1406631965352,1430657157,1.0048,1.0159,1.0598,1.1272,1.0538,2.6434,5,6,June,2024
16:27:35,2024-06-05,Bitcoin,5632,194,3038,73781.24185982272,19707975,19707975,21000000,71378.24490816581,26687087783,1406720666194,1429358348,1.0048,1.016,1.0598,1.1273,1.0538,2.6436,5,6,June,2024
16:27:55,2024-06-05,Bitcoin,5632,194,3038,73781.24185982272,19707975,19707975,21000000,71373.69496203806,26682826878,1406630995969,1426593709,1.0048,1.0159,1.0598,1.1272,1.0538,2.6434,5,6,June,2024
16:28:16,2024-06-05,Bitcoin,5632,194,3038,73781.24185982272,19707975,19707975,21000000,71373.72908753627,26680199835,1406631668513,1427919284,1.0048,1.0159,1.0598,1.1272,1.0538,2.6434,5,6,June,2024
16:28:36,2024-06-05,Bitcoin,5632,194,3038,73781.24185982272,19707975,19707975,21000000,71363.66776814152,26673767804,1406433380282,1430039227,1.0046,1.0157,1.0596,1.1271,1.0536,2.643,5,6,June,2024
16:28:57,2024-06-05,Bitcoin,5632,194,3038,73781.24185982272,19707975,19707975,21000000,71361.86151784772,26674164562,1406397782747,1426202980,1.0046,1.0157,1.0596,1.1271,1.0536,2.643,5,6,June,2024
16:29:22,2024-06-05,Bitcoin,5632,194,3038,73781.24185982272,19707975,19707975,21000000,71362.00187439681,26666903045,1406400548890,1431377832,1.0046,1.0157,1.0596,1.1271,1.0536,2.643,5,6,June,2024
16:29:43,2024-06-05,Bitcoin,5632,194,3039,73781.24185982272,19707975,19707975,21000000,71349.6993650754,26668663569,1406158091344,1433090477,1.0044,1.0155,1.0594,1.1269,1.0534,2.6425,5,6,June,2024
16:30:17,2024-06-05,Bitcoin,5632,194,3039,73781.24185982272,19707975,19707975,21000000,71343.16002178834,26660543915,1406029214130,1432217574,1.0055,1.0148,1.0595,1.126,1.0507,2.6393,5,6,June,2024
16:30:38,2024-06-05,Bitcoin,5632,194,3040,73781.24185982272,19707975,19707975,21000000,71331.88526662174,26657580366,1405807011537,1435763845,1.0054,1.0147,1.0594,1.1258,1.0505,2.6389,5,6,June,2024
16:30:58,2024-06-05,Bitcoin,5632,194,3040,73781.24185982272,19707975,19707975,21000000,71331.74394195901,26657620556,1405804226314,1437402819,1.0054,1.0147,1.0594,1.1258,1.0505,2.6389,5,6,June,2024
16:31:21,2024-06-05,Bitcoin,5632,194,3040,73781.24185982272,19707975,19707975,21000000,71324.31688010854,26646212311,1405657853965,1444325526,1.0052,1.0145,1.0593,1.1257,1.0504,2.6386,5,6,June,2024
16:31:43,2024-06-05,Bitcoin,5632,194,3040,73781.24185982272,19707975,19707975,21000000,71283.05972748902,26634848185,1404844759032,1449318039,1.0047,1.014,1.0587,1.125,1.0498,2.6371,5,6,June,2024
16:32:05,2024-06-05,Bitcoin,5632,194,3040,73781.24185982272,19707975,19707975,21000000,71282.92539241079,26629773198,1404842111560,1447686557,1.0047,1.014,1.0587,1.125,1.0498,2.6371,5,6,June,2024
16:32:26,2024-06-05,Bitcoin,5632,194,3040,73781.24185982272,19707975,19707975,21000000,71281.65085127456,26646821731,1404816992935,1448888432,1.0046,1.0139,1.0586,1.125,1.0498,2.637,5,6,June,2024
16:32:52,2024-06-05,Bitcoin,5632,194,3040,73781.24185982272,19707975,19707975,21000000,71279.78888470556,26646045992,1404780297345,1449181241,1.0046,1.0139,1.0586,1.125,1.0498,2.6369,5,6,June,2024
16:33:12,2024-06-05,Bitcoin,5632,194,3040,73781.24185982272,19707975,19707975,21000000,71279.67327335107,26642112107,1404778018879,1445215468,1.0046,1.0139,1.0586,1.125,1.0498,2.6369,5,6,June,2024
16:33:33,2024-06-05,Bitcoin,5632,194,3040,73781.24185982272,19707975,19707975,21000000,71280.00324513763,26639851331,1404784521955,1439127659,1.0046,1.0139,1.0586,1.125,1.0498,2.637,5,6,June,2024
16:33:58,2024-06-05,Bitcoin,5632,194,3040,73781.24185982272,19707975,19707975,21000000,71285.54398697348,26637951255,1404893718756,1446491429,1.0047,1.014,1.0587,1.1251,1.0498,2.6372,5,6,June,2024
16:34:20,2024-06-05,Bitcoin,5632,194,3040,73781.24185982272,19707975,19707975,21000000,71285.6333708894,26633725930,1404895480332,1446824417,1.0047,1.014,1.0587,1.1251,1.0498,2.6372,5,6,June,2024
16:34:41,2024-06-05,Bitcoin,5632,194,3040,73781.24185982272,19707975,19707975,21000000,71283.29612117444,26631550208,1404849417873,1448642802,1.0047,1.014,1.0587,1.125,1.0498,2.6371,5,6,June,2024
16:35:01,2024-06-05,Bitcoin,5632,194,3040,73781.24185982272,19707975,19707975,21000000,71281.87558858524,26636687368,1404821422052,1445196244,1.0046,1.0139,1.0586,1.125,1.0498,2.637,5,6,June,2024
16:35:22,2024-06-05,Bitcoin,5632,194,3040,73781.24185982272,19707975,19707975,21000000,71281.56022146507,26630721312,1404815206805,1434050705,1.0046,1.0139,1.0586,1.125,1.0498,2.637,5,6,June,2024
16:35:42,2024-06-05,Bitcoin,5632,194,3040,73781.24185982272,19707975,19707975,21000000,71281.56023986374,26626983867,1404815207168,1434046286,1.0046,1.0139,1.0586,1.125,1.0498,2.637,5,6,June,2024
16:36:05,2024-06-05,Bitcoin,5632,194,3040,73781.24185982272,19707975,19707975,21000000,71289.4020281334,26631820811,1404969752935,1431831572,1.0048,1.0141,1.0587,1.1251,1.0499,2.6373,5,6,June,2024
16:36:26,2024-06-05,Bitcoin,5632,194,3040,73781.24185982272,19707975,19707975,21000000,71287.94421844288,26623257659,1404941022458,1439135640,1.0042,1.0131,1.0575,1.1247,1.0494,2.6368,5,6,June,2024
16:36:49,2024-06-05,Bitcoin,5632,194,3040,73781.24185982272,19707975,19707975,21000000,71298.46281322117,26628310616,1405148322661,1439367595,1.0043,1.0133,1.0576,1.1249,1.0496,2.6372,5,6,June,2024
16:37:10,2024-06-05,Bitcoin,5632,194,3040,73781.24185982272,19707975,19707975,21000000,71299.33404559299,26628046124,1405165492887,1445348030,1.0044,1.0133,1.0576,1.1249,1.0496,2.6372,5,6,June,2024
16:37:31,2024-06-05,Bitcoin,5632,194,3040,73781.24185982272,19707975,19707975,21000000,71299.26317608076,26638464622,1405164096192,1467278694,1.0044,1.0133,1.0576,1.1249,1.0496,2.6372,5,6,June,2024
16:37:51,2024-06-05,Bitcoin,5632,194,3040,73781.24185982272,19707975,19707975,21000000,71297.87142559323,26640424679,1405136667608,1468412049,1.0043,1.0133,1.0576,1.1248,1.0496,2.6371,5,6,June,2024
16:38:12,2024-06-05,Bitcoin,5632,194,3040,73781.24185982272,19707975,19707975,21000000,71297.63116114552,26636557184,1405131932483,1468058897,1.0043,1.0133,1.0576,1.1248,1.0496,2.6371,5,6,June,2024
16:38:33,2024-06-05,Bitcoin,5632,194,3040,73781.24185982272,19707975,19707975,21000000,71297.64318747837,26630825898,1405132169497,1468869384,1.0043,1.0133,1.0576,1.1248,1.0496,2.6371,5,6,June,2024
16:38:53,2024-06-05,Bitcoin,5632,194,3040,73781.24185982272,19707975,19707975,21000000,71294.45114939917,26632019926,1405069260891,1457385847,1.0043,1.0132,1.0576,1.1248,1.0495,2.637,5,6,June,2024
16:39:14,2024-06-05,Bitcoin,5632,194,3040,73781.24185982272,19707975,19707975,21000000,71294.43230662028,26627904469,1405068889538,1454372679,1.0043,1.0132,1.0576,1.1248,1.0495,2.637,5,6,June,2024
16:39:34,2024-06-05,Bitcoin,5632,194,3040,73781.24185982272,19707975,19707975,21000000,71293.11979896702,26621679694,1405043022670,1451379270,1.0043,1.0132,1.0575,1.1248,1.0495,2.637,5,6,June,2024
16:39:55,2024-06-05,Bitcoin,5632,194,3040,73781.24185982272,19707975,19707975,21000000,71293.71597682014,26626180615,1405054772128,1449025134,1.0043,1.0132,1.0575,1.1248,1.0495,2.637,5,6,June,2024
16:40:19,2024-06-05,Bitcoin,5632,194,3040,73781.24185982272,19707975,19707975,21000000,71290.81435511768,26621077693,1404997587040,1445618884,1.0042,1.0132,1.0575,1.1247,1.0495,2.6369,5,6,June,2024
16:40:40,2024-06-05,Bitcoin,5632,194,3040,73781.24185982272,19707975,19707975,21000000,71289.72842142709,26616214173,1404976185486,1445256223,1.0028,1.0135,1.0569,1.1247,1.0514,2.6382,5,6,June,2024
16:41:00,2024-06-05,Bitcoin,5632,194,3040,73781.24185982272,19707975,19707975,21000000,71281.61320358793,26614763068,1404816250975,1443834762,1.0027,1.0134,1.0568,1.1246,1.0513,2.6379,5,6,June,2024
16:41:23,2024-06-05,Bitcoin,5632,194,3040,73781.24185982272,19707975,19707975,21000000,71280.57559703983,26610189151,1404795801852,1435179240,1.0026,1.0134,1.0567,1.1246,1.0512,2.6379,5,6,June,2024
16:41:43,2024-06-05,Bitcoin,5632,194,3041,73781.24185982272,19707975,19707975,21000000,71268.51229395831,26601912902,1404558058576,1437049551,1.0025,1.0132,1.0566,1.1244,1.0511,2.6374,5,6,June,2024
16:42:08,2024-06-05,Bitcoin,5632,194,3041,73781.24185982272,19707975,19707975,21000000,71267.52445124922,26603263105,1404538590197,1445743866,1.0025,1.0132,1.0565,1.1244,1.051,2.6374,5,6,June,2024
16:42:29,2024-06-05,Bitcoin,5632,194,3041,73781.24185982272,19707975,19707975,21000000,71264.06949142311,26599685323,1404470499935,1443102114,1.0024,1.0131,1.0565,1.1243,1.051,2.6373,5,6,June,2024
16:42:49,2024-06-05,Bitcoin,5632,194,3041,73781.24185982272,19707975,19707975,21000000,71261.53129545628,26622981879,1404420477232,1443606842,1.0024,1.0131,1.0565,1.1243,1.051,2.6372,5,6,June,2024
16:43:10,2024-06-05,Bitcoin,5632,194,3041,73781.24185982272,19707975,19707975,21000000,71262.86680301004,26627015422,1404446797382,1441128945,1.0024,1.0131,1.0565,1.1243,1.051,2.6372,5,6,June,2024
16:43:30,2024-06-05,Bitcoin,5632,194,3041,73781.24185982272,19707975,19707975,21000000,71262.86047999593,26618932730,1404446672768,1441975795,1.0024,1.0131,1.0565,1.1243,1.051,2.6372,5,6,June,2024
16:43:51,2024-06-05,Bitcoin,5632,194,3041,73781.24185982272,19707975,19707975,21000000,71262.00605246956,26622034107,1404429833731,1442602912,1.0024,1.0131,1.0565,1.1243,1.051,2.6372,5,6,June,2024
16:44:12,2024-06-05,Bitcoin,5632,194,3041,73781.24185982272,19707975,19707975,21000000,71264.18674735805,26622050027,1404472810812,1447418936,1.0024,1.0131,1.0565,1.1243,1.051,2.6373,5,6,June,2024
16:44:32,2024-06-05,Bitcoin,5632,194,3041,73781.24185982272,19707975,19707975,21000000,71264.1766329515,26616024138,1404472611477,1448361342,1.0024,1.0131,1.0565,1.1243,1.051,2.6373,5,6,June,2024
16:44:53,2024-06-05,Bitcoin,5632,194,3041,73781.24185982272,19707975,19707975,21000000,71273.86519613313,26622328180,1404663553438,1449148638,1.0026,1.0133,1.0566,1.1245,1.0511,2.6376,5,6,June,2024
16:45:14,2024-06-05,Bitcoin,5632,194,3041,73781.24185982272,19707975,19707975,21000000,71274.24729388619,26621041123,1404671083811,1443167901,1.0026,1.0133,1.0566,1.1245,1.0511,2.6376,5,6,June,2024
16:45:34,2024-06-05,Bitcoin,5632,194,3040,73781.24185982272,19707975,19707975,21000000,71275.521694606,26620431659,1404696199669,1444786220,1.0026,1.0133,1.0567,1.1245,1.0512,2.6377,5,6,June,2024
16:45:55,2024-06-05,Bitcoin,5632,194,3040,73781.24185982272,19707975,19707975,21000000,71274.99034966773,26618412718,1404685727936,1445783823,1.0013,1.0131,1.0564,1.1238,1.0509,2.6425,5,6,June,2024
16:46:16,2024-06-05,Bitcoin,5632,194,3040,73781.24185982272,19707975,19707975,21000000,71275.56080104849,26617425206,1404696970378,1447439141,1.0013,1.0131,1.0564,1.1238,1.0509,2.6425,5,6,June,2024
16:46:37,2024-06-05,Bitcoin,5632,194,3040,73781.24185982272,19707975,19707975,21000000,71273.97206222116,26606738933,1404665659552,1446442625,1.0013,1.0131,1.0564,1.1238,1.0509,2.6425,5,6,June,2024
16:46:57,2024-06-05,Bitcoin,5632,194,3040,73781.24185982272,19707975,19707975,21000000,71263.50967013297,26604523001,1404459466991,1450355185,1.0012,1.013,1.0562,1.1236,1.0508,2.6421,5,6,June,2024
16:47:18,2024-06-05,Bitcoin,5632,194,3040,73781.24185982272,19707975,19707975,21000000,71263.61366681206,26597042788,1404461516555,1451782269,1.0012,1.013,1.0562,1.1236,1.0508,2.6421,5,6,June,2024
16:47:39,2024-06-05,Bitcoin,5632,194,3040,73781.24185982272,19707975,19707975,21000000,71265.80011011667,26615052143,1404504606925,1452226341,1.0012,1.013,1.0563,1.1236,1.0508,2.6422,5,6,June,2024
16:47:59,2024-06-05,Bitcoin,5632,194,3040,73781.24185982272,19707975,19707975,21000000,71266.60125027181,26615065051,1404520395775,1452172951,1.0012,1.013,1.0563,1.1237,1.0508,2.6422,5,6,June,2024
16:48:20,2024-06-05,Bitcoin,5632,194,3040,73781.24185982272,19707975,19707975,21000000,71270.47914806049,26611055730,1404596821287,1437375445,1.0013,1.0131,1.0563,1.1237,1.0509,2.6424,5,6,June,2024
16:48:41,2024-06-05,Bitcoin,5632,194,3040,73781.24185982272,19707975,19707975,21000000,71265.02516544114,26607335610,1404489334334,1436149418,1.0012,1.013,1.0563,1.1236,1.0508,2.6422,5,6,June,2024
16:49:01,2024-06-05,Bitcoin,5632,194,3040,73781.24185982272,19707975,19707975,21000000,71253.32789080618,26608462148,1404258804738,1446522557,1.001,1.0128,1.0561,1.1234,1.0506,2.6417,5,6,June,2024
16:49:26,2024-06-05,Bitcoin,5632,194,3038,73781.24185982272,19707975,19707975,21000000,71253.4140120767,26601201808,1404260502014,1459050605,1.001,1.0128,1.0561,1.1235,1.0506,2.6417,5,6,June,2024
16:49:47,2024-06-05,Bitcoin,5632,194,3038,73781.24185982272,19707975,19707975,21000000,71258.13657758811,26599999437,1404353574217,1460952143,1.0011,1.0129,1.0562,1.1235,1.0507,2.6419,5,6,June,2024
16:50:07,2024-06-05,Bitcoin,5632,194,3038,73781.24185982272,19707975,19707975,21000000,71256.26233983747,26607312230,1404316636786,1456653248,1.0011,1.0129,1.0561,1.1235,1.0507,2.6418,5,6,June,2024
16:50:29,2024-06-05,Bitcoin,5632,194,3038,73781.24185982272,19707975,19707975,21000000,71256.19669595147,26603301358,1404315343078,1448933009,1.0011,1.0129,1.0561,1.1235,1.0507,2.6418,5,6,June,2024
16:50:50,2024-06-05,Bitcoin,5632,194,3038,73781.24185982272,19707975,19707975,21000000,71274.65978351996,26618014241,1404679213147,1446394440,1.0013,1.0131,1.0564,1.1238,1.0509,2.6425,5,6,June,2024
16:51:10,2024-06-05,Bitcoin,5632,194,3038,73781.24185982272,19707975,19707975,21000000,71274.65978351996,26618014241,1404679213147,1446394440,1.0013,1.0131,1.0564,1.1238,1.0509,2.6425,5,6,June,2024
16:51:31,2024-06-05,Bitcoin,5632,194,3038,73781.24185982272,19707975,19707975,21000000,71271.05594040916,26607178455,1404608188697,1450266607,1.0002,1.0116,1.0559,1.1247,1.0491,2.6388,5,6,June,2024
16:51:57,2024-06-05,Bitcoin,5632,194,3038,73781.24185982272,19707975,19707975,21000000,71268.42035300238,26607188615,1404556246606,1447398537,1.0002,1.0115,1.0558,1.1246,1.049,2.6387,5,6,June,2024
16:52:18,2024-06-05,Bitcoin,5632,194,3038,73781.24185982272,19707975,19707975,21000000,71268.41886590552,26602229857,1404556217298,1444377854,1.0002,1.0115,1.0558,1.1246,1.049,2.6387,5,6,June,2024
16:52:38,2024-06-05,Bitcoin,5632,194,3038,73781.24185982272,19707975,19707975,21000000,71276.84718697875,26627183566,1404722322439,1443750729,1.0003,1.0117,1.0559,1.1248,1.0491,2.6391,5,6,June,2024
16:52:59,2024-06-05,Bitcoin,5632,194,3038,73781.24185982272,19707975,19707975,21000000,71291.17928729631,26631060124,1405004779114,1444667506,1.0005,1.0119,1.0561,1.125,1.0494,2.6396,5,6,June,2024
16:53:19,2024-06-05,Bitcoin,5632,194,3038,73781.24185982272,19707975,19707975,21000000,71292.06833463818,26626391844,1405022300437,1445867649,1.0005,1.0119,1.0562,1.125,1.0494,2.6396,5,6,June,2024
16:53:44,2024-06-05,Bitcoin,5632,194,3038,73781.24185982272,19707975,19707975,21000000,71291.57404614586,26622970361,1405012559012,1442008911,1.0005,1.0119,1.0562,1.125,1.0494,2.6396,5,6,June,2024
16:54:08,2024-06-05,Bitcoin,5632,194,3038,73781.24185982272,19707975,19707975,21000000,71291.50128186808,26617841657,1405011124975,1441727306,1.0005,1.0119,1.0562,1.125,1.0494,2.6396,5,6,June,2024
16:54:28,2024-06-05,Bitcoin,5632,194,3038,73781.24185982272,19707975,19707975,21000000,71290.9772973152,26607483782,1405000798301,1447423706,1.0005,1.0119,1.0561,1.125,1.0494,2.6396,5,6,June,2024
16:54:49,2024-06-05,Bitcoin,5632,194,3038,73781.24185982272,19707975,19707975,21000000,71267.63402621335,26597599065,1404540749697,1445714622,1.0002,1.0115,1.0558,1.1246,1.049,2.6387,5,6,June,2024
16:55:09,2024-06-05,Bitcoin,5632,194,3038,73781.24185982272,19707975,19707975,21000000,71267.61662621779,26591945816,1404540406779,1441819129,1.0002,1.0115,1.0558,1.1246,1.049,2.6387,5,6,June,2024
16:55:30,2024-06-05,Bitcoin,5632,194,3038,73781.24185982272,19707975,19707975,21000000,71267.74423105466,26587643249,1404542921612,1442349185,1.0002,1.0115,1.0558,1.1246,1.049,2.6387,5,6,June,2024
16:55:50,2024-06-05,Bitcoin,5632,194,3038,73781.24185982272,19707975,19707975,21000000,71269.14764889632,26585596854,1404570580135,1440413191,1.0002,1.0115,1.0558,1.1246,1.049,2.6388,5,6,June,2024
16:56:12,2024-06-05,Bitcoin,5632,194,3038,73781.24185982272,19707975,19707975,21000000,71279.07022373553,26594438585,1404766133992,1442649716,0.9989,1.0103,1.0563,1.1249,1.0529,2.6396,5,6,June,2024
16:56:33,2024-06-05,Bitcoin,5632,194,3037,73781.24185982272,19707975,19707975,21000000,71280.72267958046,26585308767,1404798700551,1441462334,0.9989,1.0103,1.0563,1.1249,1.0529,2.6396,5,6,June,2024
16:56:54,2024-06-05,Bitcoin,5632,194,3037,73781.24185982272,19707975,19707975,21000000,71274.35494041731,26588718605,1404673205306,1447023687,0.9988,1.0102,1.0562,1.1248,1.0528,2.6394,5,6,June,2024
16:57:18,2024-06-05,Bitcoin,5632,194,3037,73781.24185982272,19707975,19707975,21000000,71273.61426023197,26583227819,1404658608000,1428980606,0.9988,1.0102,1.0562,1.1248,1.0528,2.6394,5,6,June,2024
16:57:39,2024-06-05,Bitcoin,5632,194,3037,73781.24185982272,19707975,19707975,21000000,71271.67245691794,26594654240,1404620338989,1426093382,0.9988,1.0102,1.0562,1.1247,1.0528,2.6393,5,6,June,2024
16:57:59,2024-06-05,Bitcoin,5632,194,3037,73781.24185982272,19707975,19707975,21000000,71253.09481070335,26597142494,1404254211201,1425056749,0.9985,1.0099,1.0559,1.1244,1.0525,2.6386,5,6,June,2024
16:58:20,2024-06-05,Bitcoin,5632,194,3037,73781.24185982272,19707975,19707975,21000000,71252.84780377377,26592660015,1404249343195,1427563774,0.9985,1.0099,1.0559,1.1244,1.0525,2.6386,5,6,June,2024
16:58:41,2024-06-05,Bitcoin,5632,194,3037,73781.24185982272,19707975,19707975,21000000,71252.87356967584,26590277178,1404249850989,1424072063,0.9985,1.0099,1.0559,1.1244,1.0525,2.6386,5,6,June,2024
16:59:02,2024-06-05,Bitcoin,5632,194,3037,73781.24185982272,19707975,19707975,21000000,71258.34760113915,26591824532,1404357733064,1421592150,0.9986,1.01,1.056,1.1245,1.0526,2.6388,5,6,June,2024
16:59:23,2024-06-05,Bitcoin,5632,194,3037,73781.24185982272,19707975,19707975,21000000,71258.2385812212,26592889829,1404355584502,1431257552,0.9986,1.01,1.056,1.1245,1.0526,2.6388,5,6,June,2024
16:59:44,2024-06-05,Bitcoin,5632,194,3038,73781.24185982272,19707975,19707975,21000000,71260.03809405804,26590884707,1404391049256,1430314424,0.9986,1.01,1.056,1.1246,1.0526,2.6388,5,6,June,2024
17:00:08,2024-06-05,Bitcoin,5632,194,3038,73781.24185982272,19707975,19707975,21000000,71259.23550600754,26593729548,1404375231871,1428813709,0.9986,1.01,1.056,1.1245,1.0526,2.6388,5,6,June,2024
17:00:33,2024-06-05,Bitcoin,5632,194,3038,73781.24185982272,19707975,19707975,21000000,71256.58358980843,26582612821,1404322967973,1420498873,0.9979,1.011,1.0551,1.1246,1.0531,2.6383,5,6,June,2024
17:00:53,2024-06-05,Bitcoin,5632,194,3038,73781.24185982272,19707975,19707975,21000000,71246.07078753677,26571127101,1404115781929,1413584242,0.9978,1.0109,1.0549,1.1244,1.0529,2.6379,5,6,June,2024
17:01:14,2024-06-05,Bitcoin,5632,194,3038,73781.24185982272,19707975,19707975,21000000,71245.55315562722,26570273892,1404105580452,1411897944,0.9978,1.0108,1.0549,1.1244,1.0529,2.6379,5,6,June,2024
17:01:35,2024-06-05,Bitcoin,5632,194,3038,73781.24185982272,19707975,19707975,21000000,71243.50490592959,26550117315,1404065213598,1408940250,0.9978,1.0108,1.0549,1.1244,1.0529,2.6378,5,6,June,2024
17:01:55,2024-06-05,Bitcoin,5632,194,3039,73781.24185982272,19707975,19707975,21000000,71251.1309075235,26536890241,1404215506647,1406716967,0.9979,1.0109,1.055,1.1245,1.053,2.6381,5,6,June,2024
17:02:16,2024-06-05,Bitcoin,5632,194,3038,73781.24185982272,19707975,19707975,21000000,71251.40412506435,26533360894,1404220891211,1410449169,0.9979,1.0109,1.055,1.1245,1.053,2.6381,5,6,June,2024
17:02:36,2024-06-05,Bitcoin,5632,194,3039,73781.24185982272,19707975,19707975,21000000,71251.03300054342,26549271608,1404213577098,1416327834,0.9979,1.0109,1.055,1.1245,1.053,2.6381,5,6,June,2024
17:02:57,2024-06-05,Bitcoin,5632,194,3040,73781.24185982272,19707975,19707975,21000000,71249.07577853324,26549429758,1404175004216,1418003315,0.9978,1.0109,1.055,1.1245,1.053,2.638,5,6,June,2024
17:03:17,2024-06-05,Bitcoin,5632,194,3040,73781.24185982272,19707975,19707975,21000000,71248.49341725705,26545268841,1404163527054,1417589984,0.9978,1.0109,1.055,1.1245,1.053,2.638,5,6,June,2024
17:03:38,2024-06-05,Bitcoin,5632,194,3040,73781.24185982272,19707975,19707975,21000000,71249.02381970636,26541890003,1404173980213,1415013568,0.9978,1.0109,1.055,1.1245,1.053,2.638,5,6,June,2024
17:03:58,2024-06-05,Bitcoin,5632,194,3040,73781.24185982272,19707975,19707975,21000000,71240.88471332446,26541544040,1404013574908,1419096887,0.9977,1.0108,1.0549,1.1244,1.0528,2.6377,5,6,June,2024
17:04:19,2024-06-05,Bitcoin,5632,194,3040,73781.24185982272,19707975,19707975,21000000,71240.90602234822,26538129646,1404013994865,1420969431,0.9977,1.0108,1.0549,1.1244,1.0528,2.6377,5,6,June,2024
17:04:45,2024-06-05,Bitcoin,5632,194,3040,73781.24185982272,19707975,19707975,21000000,71238.18783611443,26533043492,1403960424919,1428017289,0.9977,1.0107,1.0548,1.1243,1.0528,2.6376,5,6,June,2024
17:05:06,2024-06-05,Bitcoin,5632,194,3040,73781.24185982272,19707975,19707975,21000000,71223.754031051,26529508903,1403675963850,1428988699,0.9975,1.0105,1.0546,1.1241,1.0526,2.6371,5,6,June,2024
17:05:27,2024-06-05,Bitcoin,5632,194,3040,73781.24185982272,19707975,19707975,21000000,71223.77531871939,26522177288,1403676383386,1427740987,0.9975,1.0105,1.0546,1.1241,1.0526,2.6371,5,6,June,2024
17:05:48,2024-06-05,Bitcoin,5632,194,3040,73781.24185982272,19707975,19707975,21000000,71225.65838310245,26527254056,1403713494772,1428336758,0.9975,1.0106,1.0546,1.1241,1.0526,2.6372,5,6,June,2024
17:06:08,2024-06-05,Bitcoin,5632,194,3040,73781.24185982272,19707975,19707975,21000000,71225.65838310245,26527254056,1403713494772,1428336758,0.9975,1.0106,1.0546,1.1241,1.0526,2.6372,5,6,June,2024
17:06:29,2024-06-05,Bitcoin,5632,194,3040,73781.24185982272,19707975,19707975,21000000,71224.85637441707,26521360437,1403697688805,1427018661,0.9999,1.0111,1.0543,1.123,1.0554,2.6376,5,6,June,2024
17:06:51,2024-06-05,Bitcoin,5632,194,3040,73781.24185982272,19707975,19707975,21000000,71199.05597480107,26515961851,1403189215174,1424940447,0.9995,1.0107,1.0539,1.1226,1.055,2.6367,5,6,June,2024
17:07:12,2024-06-05,Bitcoin,5632,194,3040,73781.24185982272,19707975,19707975,21000000,71198.9982274283,26511014712,1403188077091,1424625296,0.9995,1.0107,1.0539,1.1226,1.055,2.6367,5,6,June,2024
17:07:33,2024-06-05,Bitcoin,5632,194,3040,73781.24185982272,19707975,19707975,21000000,71197.89731400576,26530801525,1403166380316,1428108031,0.9995,1.0107,1.0539,1.1226,1.055,2.6366,5,6,June,2024
17:07:54,2024-06-05,Bitcoin,5632,194,3040,73781.24185982272,19707975,19707975,21000000,71208.57638404609,26534410692,1403376843162,1427999942,0.9997,1.0108,1.054,1.1227,1.0551,2.637,5,6,June,2024
17:08:14,2024-06-05,Bitcoin,5632,194,3040,73781.24185982272,19707975,19707975,21000000,71208.56095703966,26529040857,1403376539127,1425168044,0.9997,1.0108,1.054,1.1227,1.0551,2.637,5,6,June,2024
17:08:36,2024-06-05,Bitcoin,5632,194,3040,73781.24185982272,19707975,19707975,21000000,71209.02507531071,26527557995,1403385685958,1414986588,0.9997,1.0109,1.054,1.1227,1.0551,2.637,5,6,June,2024
17:08:56,2024-06-05,Bitcoin,5632,194,3041,73781.24185982272,19707975,19707975,21000000,71208.71821717001,26527000594,1403379638406,1404184128,0.9997,1.0108,1.054,1.1227,1.0551,2.637,5,6,June,2024
17:09:17,2024-06-05,Bitcoin,5632,194,3041,73781.24185982272,19707975,19707975,21000000,71207.6346506917,26522203985,1403358283504,1404599112,0.9997,1.0108,1.054,1.1227,1.0551,2.637,5,6,June,2024
17:09:41,2024-06-05,Bitcoin,5632,194,3041,73781.24185982272,19707975,19707975,21000000,71211.41123938377,26519316713,1403432712420,1405780432,0.9997,1.0109,1.0541,1.1228,1.0552,2.6371,5,6,June,2024
17:10:12,2024-06-05,Bitcoin,5632,194,3041,73781.24185982272,19707975,19707975,21000000,71215.19693277421,26515836457,1403507320771,1405209656,0.9998,1.0109,1.0541,1.1228,1.0552,2.6373,5,6,June,2024
17:10:33,2024-06-05,Bitcoin,5632,194,3041,73781.24185982272,19707975,19707975,21000000,71214.94053091957,26510447233,1403502267609,1401811951,0.9998,1.0109,1.0541,1.1228,1.0552,2.6373,5,6,June,2024
17:10:54,2024-06-05,Bitcoin,5632,194,3041,73781.24185982272,19707975,19707975,21000000,71218.52662800642,26512365384,1403572942321,1400876055,0.9998,1.011,1.0542,1.1229,1.0553,2.6374,5,6,June,2024
17:11:14,2024-06-05,Bitcoin,5632,194,3041,73781.24185982272,19707975,19707975,21000000,71218.59099224852,26511617422,1403574210810,1399985679,0.9998,1.011,1.0542,1.1229,1.0553,2.6374,5,6,June,2024
17:11:35,2024-06-05,Bitcoin,5632,194,3041,73781.24185982272,19707975,19707975,21000000,71218.5874142136,26508535016,1403574140294,1396376879,0.9981,1.011,1.0553,1.1218,1.0579,2.6345,5,6,June,2024
17:11:55,2024-06-05,Bitcoin,5632,194,3041,73781.24185982272,19707975,19707975,21000000,71206.15300263245,26508243258,1403329083222,1396496811,0.9979,1.0108,1.0551,1.1216,1.0577,2.634,5,6,June,2024
17:12:18,2024-06-05,Bitcoin,5632,194,3041,73781.24185982272,19707975,19707975,21000000,71200.09728707405,26498867726,1403209737331,1394601919,0.9979,1.0107,1.055,1.1215,1.0576,2.6338,5,6,June,2024
17:12:44,2024-06-05,Bitcoin,5632,194,3041,73781.24185982272,19707975,19707975,21000000,71161.5613438369,26501611502,1402450271925,1394450148,0.9973,1.0101,1.0544,1.1209,1.057,2.6323,5,6,June,2024
17:13:05,2024-06-05,Bitcoin,5632,194,3041,73781.24185982272,19707975,19707975,21000000,71157.31345142476,26500581026,1402366554567,1396098338,0.9973,1.0101,1.0544,1.1208,1.057,2.6322,5,6,June,2024
17:13:25,2024-06-05,Bitcoin,5632,194,3041,73781.24185982272,19707975,19707975,21000000,71157.27192964277,26497551653,1402365736257,1395907109,0.9973,1.0101,1.0544,1.1208,1.057,2.6322,5,6,June,2024
17:13:46,2024-06-05,Bitcoin,5632,194,3041,73781.24185982272,19707975,19707975,21000000,71157.26391822394,26494901320,1402365578368,1396071286,0.9973,1.0101,1.0544,1.1208,1.057,2.6322,5,6,June,2024
17:14:07,2024-06-05,Bitcoin,5632,194,3041,73781.24185982272,19707975,19707975,21000000,71150.55444595068,26495967675,1402233348256,1396790944,0.9972,1.01,1.0543,1.1207,1.0569,2.6319,5,6,June,2024
17:14:29,2024-06-05,Bitcoin,5632,194,3041,73781.24185982272,19707975,19707975,21000000,71150.43720514186,26493313088,1402231037678,1383655015,0.9972,1.01,1.0543,1.1207,1.0569,2.6319,5,6,June,2024
17:14:48,2024-06-05,Bitcoin,5632,194,3041,73781.24185982272,19707975,19707975,21000000,71155.09982793777,26491794572,1402322928531,1383952466,0.9972,1.0101,1.0543,1.1208,1.0569,2.6321,5,6,June,2024
17:16:19,2024-06-05,Bitcoin,5632,194,3041,73781.24185982272,19707975,19707975,21000000,71173.40889706051,26494624040,1402683763208,1383079485,0.9982,1.0102,1.0544,1.1204,1.0587,2.6327,5,6,June,2024
17:16:39,2024-06-05,Bitcoin,5632,194,3041,73781.24185982272,19707975,19707975,21000000,71170.52485098536,26495953061,1402626924500,1377145189,0.9981,1.0102,1.0543,1.1204,1.0587,2.6326,5,6,June,2024
17:17:00,2024-06-05,Bitcoin,5632,194,3041,73781.24185982272,19707975,19707975,21000000,71164.37206776266,26490985737,1402505665602,1384255732,0.998,1.0101,1.0542,1.1203,1.0586,2.6324,5,6,June,2024
17:17:20,2024-06-05,Bitcoin,5632,194,3041,73781.24185982272,19707975,19707975,21000000,71164.3958883854,26485981315,1402506135058,1386647823,0.998,1.0101,1.0542,1.1203,1.0586,2.6324,5,6,June,2024
17:17:45,2024-06-05,Bitcoin,5632,194,3041,73781.24185982272,19707975,19707975,21000000,71158.03786530992,26511881409,1402380831298,1378954620,0.998,1.01,1.0541,1.1202,1.0585,2.6322,5,6,June,2024
17:18:06,2024-06-05,Bitcoin,5632,194,3041,73781.24185982272,19707975,19707975,21000000,71162.51515251868,26512443300,1402469069562,1377281901,0.998,1.01,1.0542,1.1203,1.0586,2.6323,5,6,June,2024
17:18:27,2024-06-05,Bitcoin,5632,194,3041,73781.24185982272,19707975,19707975,21000000,71159.76177832576,26507851306,1402414806133,1388041462,0.998,1.01,1.0542,1.1202,1.0585,2.6322,5,6,June,2024
17:18:48,2024-06-05,Bitcoin,5632,194,3041,73781.24185982272,19707975,19707975,21000000,71156.83030037876,26509177240,1402357032639,1397357029,0.9979,1.01,1.0541,1.1202,1.0585,2.6321,5,6,June,2024
17:19:10,2024-06-05,Bitcoin,5632,194,3041,73781.24185982272,19707975,19707975,21000000,71157.01879319063,26504428938,1402360747450,1397653648,0.9979,1.01,1.0541,1.1202,1.0585,2.6321,5,6,June,2024
17:19:31,2024-06-05,Bitcoin,5632,194,3040,73781.24185982272,19707975,19707975,21000000,71156.96014394921,26499190706,1402359591592,1402708637,0.9979,1.01,1.0541,1.1202,1.0585,2.6321,5,6,June,2024
17:19:52,2024-06-05,Bitcoin,5632,194,3040,73781.24185982272,19707993,19707993,21000000,71159.23539276187,26505477205,1402405713005,1397977042,0.998,1.01,1.0542,1.1202,1.0585,2.6322,5,6,June,2024
17:20:13,2024-06-05,Bitcoin,5632,194,3040,73781.24185982272,19707993,19707993,21000000,71159.13663804888,26499277670,1402403766748,1398965421,0.998,1.01,1.0542,1.1202,1.0585,2.6322,5,6,June,2024
17:20:34,2024-06-05,Bitcoin,5632,194,3040,73781.24185982272,19707993,19707993,21000000,71159.13429210686,26495326484,1402403720514,1392030226,0.998,1.01,1.0542,1.1202,1.0585,2.6322,5,6,June,2024
17:20:54,2024-06-05,Bitcoin,5632,194,3040,73781.24185982272,19707993,19707993,21000000,71186.00770284142,26507815933,1402933341505,1392768768,0.9984,1.0104,1.0538,1.1208,1.056,2.6296,5,6,June,2024
17:21:15,2024-06-05,Bitcoin,5632,194,3040,73781.24185982272,19707993,19707993,21000000,71186.16885500004,26503441982,1402936517491,1390745454,0.9984,1.0104,1.0538,1.1208,1.056,2.6296,5,6,June,2024
17:21:35,2024-06-05,Bitcoin,5632,194,3040,73781.24185982272,19707993,19707993,21000000,71187.10056405645,26504190988,1402954879606,1393096953,0.9984,1.0104,1.0539,1.1208,1.056,2.6296,5,6,June,2024
17:21:56,2024-06-05,Bitcoin,5632,194,3040,73781.24185982272,19707993,19707993,21000000,71186.37532343139,26500664190,1402940586569,1392591029,0.9984,1.0104,1.0538,1.1208,1.056,2.6296,5,6,June,2024
17:22:16,2024-06-05,Bitcoin,5632,194,3040,73781.24185982272,19707993,19707993,21000000,71186.37530598477,26497988899,1402940586225,1385901940,0.9984,1.0104,1.0538,1.1208,1.056,2.6296,5,6,June,2024
17:22:37,2024-06-05,Bitcoin,5632,194,3040,73781.24185982272,19707993,19707993,21000000,71185.12131723521,26518466576,1402915872624,1378320656,0.9984,1.0104,1.0538,1.1208,1.056,2.6295,5,6,June,2024
17:22:58,2024-06-05,Bitcoin,5632,194,3040,73781.24185982272,19707993,19707993,21000000,71175.97645810564,26517262208,1402735645804,1378231569,0.9983,1.0102,1.0537,1.1206,1.0559,2.6292,5,6,June,2024
17:23:18,2024-06-05,Bitcoin,5632,194,3040,73781.24185982272,19707993,19707993,21000000,71175.97643449498,26511383026,1402735645339,1377856080,0.9983,1.0102,1.0537,1.1206,1.0559,2.6292,5,6,June,2024
17:23:39,2024-06-05,Bitcoin,5632,194,3040,73781.24185982272,19707993,19707993,21000000,71170.50522917783,26508696252,1402627818863,1373252054,0.9982,1.0102,1.0536,1.1206,1.0558,2.629,5,6,June,2024
17:23:59,2024-06-05,Bitcoin,5632,194,3040,73781.24185982272,19707993,19707993,21000000,71161.81083639091,26511291861,1402456469830,1371584744,0.9981,1.01,1.0535,1.1204,1.0557,2.6287,5,6,June,2024
17:24:20,2024-06-05,Bitcoin,5632,194,3040,73781.24185982272,19707993,19707993,21000000,71161.80990671412,26505496796,1402456451508,1370607057,0.9981,1.01,1.0535,1.1204,1.0557,2.6287,5,6,June,2024
17:24:41,2024-06-05,Bitcoin,5632,194,3040,73781.24185982272,19707993,19707993,21000000,71152.86805677187,26500602725,1402280225592,1372729250,0.9979,1.0099,1.0533,1.1203,1.0555,2.6283,5,6,June,2024
17:25:03,2024-06-05,Bitcoin,5632,194,3040,73781.24185982272,19707993,19707993,21000000,71112.48962435326,26491255472,1401484447729,1378646084,0.9974,1.0093,1.0527,1.1196,1.0549,2.6269,5,6,June,2024
23:04:09,2024-06-06,Bitcoin,5634,195,2989,73781.24185982272,19708471,19708471,21000000,70906.7810011786,19583438480,1397464237065,1502000784,0.9998,0.996,1.0346,1.1277,1.0375,2.6758,6,6,June,2024
23:06:40,2024-06-06,Bitcoin,5634,195,2989,73781.24185982272,19708471,19708471,21000000,70877.61752228733,19560541829,1396889469487,1476708656,0.9994,0.9956,1.0341,1.1269,1.0371,2.6763,6,6,June,2024
23:07:05,2024-06-06,Bitcoin,5634,195,2989,73781.24185982272,19708471,19708471,21000000,70877.65392301267,19560699518,1396890186889,1471507660,0.9994,0.9956,1.0341,1.1269,1.0371,2.6763,6,6,June,2024
23:15:20,2024-06-06,Bitcoin,5634,195,2988,73781.24185982272,19708471,19708471,21000000,70854.7227067823,19566007739,1396438247679,1426232865,0.9994,0.9954,1.0339,1.1264,1.0379,2.674,6,6,June,2024
23:15:41,2024-06-06,Bitcoin,5634,195,2989,73781.24185982272,19708471,19708471,21000000,70855.8617256996,19565176732,1396460696000,1424406930,0.9999,0.9955,1.034,1.1274,1.0371,2.6773,6,6,June,2024
16:10:52,2024-06-07,Bitcoin,5634,195,3040,73781.24185982272,19709134,19709134,21000000,69234.53376415864,28029927915,1364552703385,1314236306,1.0017,0.9817,1.0232,1.1124,1.0105,2.6105,7,6,June,2024
16:11:13,2024-06-07,Bitcoin,5634,195,3040,73781.24185982272,19709134,19709134,21000000,69234.53376415864,28029927915,1364552703385,1314236306,1.0017,0.9817,1.0232,1.1124,1.0105,2.6105,7,6,June,2024
16:11:38,2024-06-07,Bitcoin,5634,195,3040,73781.24185982272,19709134,19709134,21000000,69244.07851655505,28027648937,1364740822189,1321389382,1.0018,0.9818,1.0233,1.1126,1.0107,2.6108,7,6,June,2024
16:11:59,2024-06-07,Bitcoin,5634,195,3040,73781.24185982272,19709134,19709134,21000000,69244.07888733706,28021282326,1364740829497,1321826502,1.0018,0.9818,1.0233,1.1126,1.0107,2.6108,7,6,June,2024
16:12:24,2024-06-07,Bitcoin,5634,195,3040,73781.24185982272,19709134,19709134,21000000,69234.86610421287,28021978159,1364559253519,1326104427,1.0017,0.9817,1.0232,1.1124,1.0105,2.6105,7,6,June,2024
16:12:45,2024-06-07,Bitcoin,5634,195,3040,73781.24185982272,19709134,19709134,21000000,69234.65006799826,28014885334,1364554995633,1325345600,1.0017,0.9817,1.0232,1.1124,1.0105,2.6105,7,6,June,2024
16:13:05,2024-06-07,Bitcoin,5634,195,3040,73781.24185982272,19709134,19709134,21000000,69230.28275681591,28010650045,1364468919711,1324195263,1.0016,0.9816,1.0231,1.1124,1.0105,2.6103,7,6,June,2024
16:13:30,2024-06-07,Bitcoin,5634,195,3040,73781.24185982272,19709134,19709134,21000000,69224.2241380886,28006008846,1364349509583,1316243832,1.0015,0.9815,1.023,1.1123,1.0104,2.6101,7,6,June,2024
16:13:54,2024-06-07,Bitcoin,5634,195,3040,73781.24185982272,19709134,19709134,21000000,69224.26130652396,27998768923,1364350242141,1318022783,1.0015,0.9815,1.023,1.1123,1.0104,2.6101,7,6,June,2024
16:14:14,2024-06-07,Bitcoin,5634,195,3040,73781.24185982272,19709134,19709134,21000000,69225.57483910247,27997669154,1364376130730,1318051477,1.0016,0.9816,1.0231,1.1123,1.0104,2.6102,7,6,June,2024
16:14:35,2024-06-07,Bitcoin,5634,195,3040,73781.24185982272,19709134,19709134,21000000,69255.31891674768,28009877542,1364962360742,1318588516,1.002,0.982,1.0235,1.1128,1.0108,2.6113,7,6,June,2024
16:14:57,2024-06-07,Bitcoin,5634,195,3040,73781.24185982272,19709134,19709134,21000000,69259.76608345406,28004947273,1365050010547,1316914582,1.0021,0.9821,1.0236,1.1128,1.0109,2.6114,7,6,June,2024
16:15:18,2024-06-07,Bitcoin,5634,195,3040,73781.24185982272,19709134,19709134,21000000,69259.76626772863,28002362967,1365050014179,1316971610,1.0021,0.9821,1.0236,1.1128,1.0109,2.6114,7,6,June,2024
16:15:40,2024-06-07,Bitcoin,5634,195,3040,73781.24185982272,19709134,19709134,21000000,69254.57002946959,28000645862,1364947600823,1316531650,1.002,0.982,1.0235,1.1128,1.0108,2.6112,7,6,June,2024
16:16:01,2024-06-07,Bitcoin,5634,195,3040,73781.24185982272,19709134,19709134,21000000,69254.6223511789,27993951053,1364948632038,1325663131,1.0019,0.9822,1.0237,1.1142,1.011,2.6118,7,6,June,2024
16:16:21,2024-06-07,Bitcoin,5634,195,3040,73781.24185982272,19709134,19709134,21000000,69258.3324210864,27992288712,1365021754303,1319866444,1.0019,0.9823,1.0238,1.1143,1.011,2.612,7,6,June,2024
16:16:42,2024-06-07,Bitcoin,5634,195,3040,73781.24185982272,19709134,19709134,21000000,69258.3324210864,27992288712,1365021754303,1319866444,1.0019,0.9823,1.0238,1.1143,1.011,2.612,7,6,June,2024
16:17:03,2024-06-07,Bitcoin,5634,195,3040,73781.24185982272,19709134,19709134,21000000,69255.3588550335,27989195288,1364963147891,1310446359,1.0019,0.9822,1.0237,1.1142,1.011,2.6119,7,6,June,2024
16:17:24,2024-06-07,Bitcoin,5634,195,3040,73781.24185982272,19709134,19709134,21000000,69222.91051754859,27965494220,1364323619260,1310125256,1.0014,0.9818,1.0232,1.1137,1.0105,2.6106,7,6,June,2024
16:17:44,2024-06-07,Bitcoin,5634,195,3041,73781.24185982272,19709134,19709134,21000000,69222.23769814131,27964327621,1364310358572,1315924729,1.0014,0.9817,1.0232,1.1137,1.0105,2.6106,7,6,June,2024
16:18:06,2024-06-07,Bitcoin,5634,195,3041,73781.24185982272,19709134,19709134,21000000,69222.2378201255,27957804118,1364310360976,1312549269,1.0014,0.9817,1.0232,1.1137,1.0105,2.6106,7,6,June,2024
16:18:27,2024-06-07,Bitcoin,5634,195,3041,73781.24185982272,19709134,19709134,21000000,69230.60683498018,27955242964,1364475307011,1311680165,1.0015,0.9819,1.0234,1.1139,1.0106,2.6109,7,6,June,2024
16:18:47,2024-06-07,Bitcoin,5634,195,3041,73781.24185982272,19709134,19709134,21000000,69235.26389013007,27955261177,1364567093535,1314507157,1.0016,0.9819,1.0234,1.1139,1.0107,2.6111,7,6,June,2024
16:19:10,2024-06-07,Bitcoin,5634,195,3041,73781.24185982272,19709134,19709134,21000000,69237.60806973805,27973847179,1364613295285,1312409335,1.0016,0.982,1.0235,1.114,1.0107,2.6112,7,6,June,2024
16:19:32,2024-06-07,Bitcoin,5634,195,3041,73781.24185982272,19709134,19709134,21000000,69256.06900568822,27981956850,1364977144346,1308652297,1.0019,0.9822,1.0237,1.1143,1.011,2.6119,7,6,June,2024
16:19:53,2024-06-07,Bitcoin,5634,195,3042,73781.24185982272,19709134,19709134,21000000,69259.45557292741,27975818254,1365043890653,1298121045,1.002,0.9823,1.0238,1.1143,1.011,2.612,7,6,June,2024
16:20:14,2024-06-07,Bitcoin,5634,195,3042,73781.24185982272,19709134,19709134,21000000,69266.66327861375,27975368372,1365185948291,1292486450,1.0021,0.9824,1.0239,1.1144,1.0111,2.6123,7,6,June,2024
16:20:34,2024-06-07,Bitcoin,5634,195,3042,73781.24185982272,19709134,19709134,21000000,69266.66327861375,27975368372,1365185948291,1292486450,1.0021,0.9824,1.0239,1.1144,1.0111,2.6123,7,6,June,2024
16:20:55,2024-06-07,Bitcoin,5634,195,3042,73781.24185982272,19709134,19709134,21000000,69266.68106186847,27967221136,1365186298783,1300036079,1.001,0.9807,1.0238,1.1167,1.011,2.6114,7,6,June,2024
16:21:17,2024-06-07,Bitcoin,5634,195,3042,73781.24185982272,19709134,19709134,21000000,69266.5858065518,27963265080,1365184421383,1299638582,1.001,0.9807,1.0238,1.1167,1.011,2.6114,7,6,June,2024
16:21:36,2024-06-07,Bitcoin,5634,195,3042,73781.24185982272,19709134,19709134,21000000,69274.3654636001,27963089575,1365337751687,1299263356,1.0012,0.9808,1.0239,1.1168,1.0111,2.6117,7,6,June,2024
16:22:01,2024-06-07,Bitcoin,5634,195,3042,73781.24185982272,19709134,19709134,21000000,69276.2961395504,27956573488,1365375803638,1305339094,1.0012,0.9809,1.0239,1.1168,1.0111,2.6117,7,6,June,2024
16:22:22,2024-06-07,Bitcoin,5634,195,3042,73781.24185982272,19709134,19709134,21000000,69278.68362080368,27955053380,1365422858826,1306667714,1.0012,0.9809,1.024,1.1169,1.0112,2.6118,7,6,June,2024
16:22:42,2024-06-07,Bitcoin,5634,195,3042,73781.24185982272,19709134,19709134,21000000,69287.80617666263,27954850462,1365602656501,1308471092,1.0013,0.981,1.0241,1.117,1.0113,2.6122,7,6,June,2024
16:23:06,2024-06-07,Bitcoin,5634,195,3042,73781.24185982272,19709134,19709134,21000000,69291.0354929791,27954381318,1365666303529,1313261044,1.0014,0.9811,1.0242,1.1171,1.0114,2.6123,7,6,June,2024
16:23:27,2024-06-07,Bitcoin,5634,195,3042,73781.24185982272,19709134,19709134,21000000,69311.60771824514,27963332996,1366071764274,1314069611,1.0017,0.9814,1.0245,1.1174,1.0117,2.6131,7,6,June,2024
16:23:51,2024-06-07,Bitcoin,5634,195,3042,73781.24185982272,19709134,19709134,21000000,69314.99141929807,27962595749,1366138454091,1294007715,1.0017,0.9814,1.0245,1.1175,1.0117,2.6132,7,6,June,2024
16:24:15,2024-06-07,Bitcoin,5634,195,3042,73781.24185982272,19709134,19709134,21000000,69339.50635217298,27988127567,1366621622188,1293163412,1.0021,0.9818,1.0249,1.1178,1.0121,2.6141,7,6,June,2024
16:24:35,2024-06-07,Bitcoin,5634,195,3042,73781.24185982272,19709134,19709134,21000000,69335.45978536266,27985082557,1366541867861,1287439519,1.002,0.9817,1.0248,1.1178,1.012,2.614,7,6,June,2024
16:24:56,2024-06-07,Bitcoin,5634,195,3042,73781.24185982272,19709134,19709134,21000000,69330.85959929187,27989043426,1366451202177,1305870240,1.002,0.9816,1.0247,1.1177,1.0119,2.6138,7,6,June,2024
16:25:16,2024-06-07,Bitcoin,5634,195,3042,73781.24185982272,19709134,19709134,21000000,69330.83460751755,27988356503,1366450709611,1314750778,1.002,0.9816,1.0247,1.1177,1.0119,2.6138,7,6,June,2024
16:25:37,2024-06-07,Bitcoin,5634,195,3042,73781.24185982272,19709134,19709134,21000000,69251.43567825608,27959403389,1364885825475,1315227370,1.0008,0.9805,1.0236,1.1164,1.0108,2.6108,7,6,June,2024
16:25:57,2024-06-07,Bitcoin,5634,195,3042,73781.24185982272,19709134,19709134,21000000,69245.20900233302,27960566653,1364763103084,1313909402,1.0007,0.9804,1.0235,1.1163,1.0107,2.6106,7,6,June,2024
16:26:18,2024-06-07,Bitcoin,5634,195,3042,73781.24185982272,19709134,19709134,21000000,69242.69398563035,27964173449,1364713534283,1314176198,1.0017,0.9799,1.0235,1.1194,1.0104,2.6057,7,6,June,2024
16:26:39,2024-06-07,Bitcoin,5634,195,3042,73781.24185982272,19709134,19709134,21000000,69233.37144204897,27962268118,1364529795023,1312505233,1.0015,0.9797,1.0233,1.1193,1.0103,2.6054,7,6,June,2024
16:26:59,2024-06-07,Bitcoin,5634,195,3042,73781.24185982272,19709134,19709134,21000000,69227.76667120741,27964897402,1364419329843,1315456235,1.0015,0.9796,1.0233,1.1192,1.0102,2.6052,7,6,June,2024
16:27:20,2024-06-07,Bitcoin,5634,195,3042,73781.24185982272,19709134,19709134,21000000,69227.22185741641,27966583138,1364408592035,1315659741,1.0014,0.9796,1.0233,1.1192,1.0102,2.6051,7,6,June,2024
16:27:40,2024-06-07,Bitcoin,5634,195,3042,73781.24185982272,19709134,19709134,21000000,69203.45098409786,27960370413,1363940088708,1316551981,1.0011,0.9793,1.0229,1.1188,1.0099,2.6042,7,6,June,2024
16:28:01,2024-06-07,Bitcoin,5634,195,3042,73781.24185982272,19709134,19709134,21000000,69202.71808271097,27957575157,1363925643856,1316166717,1.0011,0.9793,1.0229,1.1188,1.0099,2.6042,7,6,June,2024
16:28:21,2024-06-07,Bitcoin,5634,195,3042,73781.24185982272,19709134,19709134,21000000,69202.71808271097,27957575157,1363925643856,1316166717,1.0011,0.9793,1.0229,1.1188,1.0099,2.6042,7,6,June,2024
16:28:42,2024-06-07,Bitcoin,5634,195,3043,73781.24185982272,19709134,19709134,21000000,69204.01827759057,27946010629,1363951269571,1313063873,1.0011,0.9793,1.0229,1.1188,1.0099,2.6043,7,6,June,2024
16:29:03,2024-06-07,Bitcoin,5634,195,3043,73781.24185982272,19709134,19709134,21000000,69209.25040834236,27957378247,1364054390337,1340122239,1.0012,0.9794,1.023,1.1189,1.01,2.6045,7,6,June,2024
16:29:24,2024-06-07,Bitcoin,5634,195,3043,73781.24185982272,19709134,19709134,21000000,69212.65281992398,27965790019,1364121448923,1317315424,1.0012,0.9794,1.023,1.1189,1.01,2.6046,7,6,June,2024
16:29:44,2024-06-07,Bitcoin,5634,195,3043,73781.24185982272,19709134,19709134,21000000,69213.1665534731,28008273655,1364131574166,1341364486,1.0012,0.9794,1.023,1.1189,1.01,2.6046,7,6,June,2024
16:30:07,2024-06-07,Bitcoin,5634,195,3043,73781.24185982272,19709134,19709134,21000000,69216.5309555336,28017702069,1364197883617,1343980662,1.0013,0.9795,1.0231,1.119,1.0101,2.6047,7,6,June,2024
16:30:28,2024-06-07,Bitcoin,5634,195,3043,73781.24185982272,19709134,19709134,21000000,69215.70484675387,28016096682,1364181601729,1321276900,1.0013,0.9795,1.0231,1.119,1.01,2.6047,7,6,June,2024
16:30:49,2024-06-07,Bitcoin,5634,195,3043,73781.24185982272,19709134,19709134,21000000,69216.55850363233,28014457441,1364198426566,1324180852,0.9991,0.9799,1.023,1.1192,1.01,2.6043,7,6,June,2024
16:31:28,2024-06-07,Bitcoin,5634,195,3043,73781.24185982272,19709134,19709134,21000000,69242.41747636598,28085728779,1364708084525,1334202315,0.9994,0.9802,1.0234,1.1196,1.0104,2.6053,7,6,June,2024
16:31:49,2024-06-07,Bitcoin,5634,195,3043,73781.24185982272,19709134,19709134,21000000,69243.3172684344,28083777799,1364725818648,1333755783,0.9995,0.9803,1.0234,1.1196,1.0104,2.6053,7,6,June,2024
16:32:14,2024-06-07,Bitcoin,5634,195,3043,73781.24185982272,19709134,19709134,21000000,69224.65502051252,28083645825,1364358001903,1336708930,0.9992,0.98,1.0232,1.1193,1.0101,2.6046,7,6,June,2024
16:32:34,2024-06-07,Bitcoin,5634,195,3043,73781.24185982272,19709134,19709134,21000000,69224.43702442716,28079146373,1364353705388,1337866983,0.9992,0.98,1.0232,1.1193,1.0101,2.6046,7,6,June,2024
16:32:55,2024-06-07,Bitcoin,5634,195,3043,73781.24185982272,19709134,19709134,21000000,69225.35292294237,28081931454,1364371756955,1343171428,0.9992,0.98,1.0232,1.1193,1.0101,2.6047,7,6,June,2024
16:33:15,2024-06-07,Bitcoin,5634,195,3043,73781.24185982272,19709134,19709134,21000000,69225.07714804176,28079499085,1364366321671,1337079241,0.9992,0.98,1.0232,1.1193,1.0101,2.6047,7,6,June,2024
16:33:36,2024-06-07,Bitcoin,5634,195,3043,73781.24185982272,19709134,19709134,21000000,69222.34670356424,28073528957,1364312506975,1313266979,0.9991,0.98,1.0231,1.1193,1.0101,2.6046,7,6,June,2024
16:33:56,2024-06-07,Bitcoin,5634,195,3043,73781.24185982272,19709134,19709134,21000000,69225.10723887988,28071780710,1364366914735,1312974156,0.9992,0.98,1.0232,1.1193,1.0101,2.6047,7,6,June,2024
16:34:27,2024-06-07,Bitcoin,5634,195,3043,73781.24185982272,19709134,19709134,21000000,69262.59832329742,28091005518,1365105831542,1333506250,0.9997,0.9805,1.0237,1.1199,1.0107,2.6061,7,6,June,2024
16:34:47,2024-06-07,Bitcoin,5634,195,3043,73781.24185982272,19709134,19709134,21000000,69264.05401643956,28086531151,1365134521993,1324235299,0.9998,0.9805,1.0237,1.1199,1.0107,2.6061,7,6,June,2024
16:35:08,2024-06-07,Bitcoin,5634,195,3043,73781.24185982272,19709134,19709134,21000000,69270.5686523404,28092647198,1365262919825,1325457562,0.9998,0.9806,1.0238,1.1201,1.0108,2.6064,7,6,June,2024
16:35:29,2024-06-07,Bitcoin,5634,195,3043,73781.24185982272,19709134,19709134,21000000,69319.2907982556,28112008368,1366223191127,1332955956,1.0005,0.9813,1.0246,1.1208,1.0115,2.6082,7,6,June,2024
16:35:53,2024-06-07,Bitcoin,5634,195,3043,73781.24185982272,19709134,19709134,21000000,69325.26400580388,28107521240,1366340917875,1347763731,1.0006,0.9814,1.0246,1.1209,1.0116,2.6084,7,6,June,2024
16:36:14,2024-06-07,Bitcoin,5634,195,3043,73781.24185982272,19709134,19709134,21000000,69329.07472716105,28140204147,1366416023893,1343773817,1.0007,0.9815,1.0247,1.121,1.0117,2.6086,7,6,June,2024
16:36:34,2024-06-07,Bitcoin,5634,195,3043,73781.24185982272,19709134,19709134,21000000,69329.69015000135,28136239807,1366428153344,1342491290,0.999,0.9805,1.0243,1.1223,1.0119,2.6088,7,6,June,2024
16:36:55,2024-06-07,Bitcoin,5634,195,3043,73781.24185982272,19709134,19709134,21000000,69334.60251353793,28137883596,1366524971776,1342399980,0.999,0.9806,1.0244,1.1224,1.012,2.609,7,6,June,2024
16:37:17,2024-06-07,Bitcoin,5634,195,3043,73781.24185982272,19709134,19709134,21000000,69336.68209035712,28139356907,1366565958434,1345064612,0.9991,0.9806,1.0244,1.1224,1.012,2.6091,7,6,June,2024
16:37:43,2024-06-07,Bitcoin,5634,195,3043,73781.24185982272,19709134,19709134,21000000,69336.923964947,28133621180,1366570725572,1350150570,0.9991,0.9806,1.0244,1.1224,1.012,2.6091,7,6,June,2024
16:38:03,2024-06-07,Bitcoin,5634,195,3043,73781.24185982272,19709134,19709134,21000000,69336.923964947,28133621180,1366570725572,1350150570,0.9991,0.9806,1.0244,1.1224,1.012,2.6091,7,6,June,2024
16:38:25,2024-06-07,Bitcoin,5634,195,3043,73781.24185982272,19709134,19709134,21000000,69339.7827737287,28135110653,1366627070218,1351984529,0.9991,0.9807,1.0245,1.1225,1.0121,2.6092,7,6,June,2024
16:38:45,2024-06-07,Bitcoin,5634,195,3043,73781.24185982272,19709134,19709134,21000000,69342.37971544851,28132734912,1366678253690,1340549140,0.9992,0.9807,1.0245,1.1225,1.0121,2.6093,7,6,June,2024
16:39:06,2024-06-07,Bitcoin,5634,195,3043,73781.24185982272,19709134,19709134,21000000,69348.55267880781,28136547043,1366799917452,1340786018,0.9992,0.9808,1.0246,1.1226,1.0122,2.6096,7,6,June,2024
16:39:27,2024-06-07,Bitcoin,5634,195,3043,73781.24185982272,19709134,19709134,21000000,69364.786693168,28149641945,1367119875817,1338244757,0.9995,0.981,1.0248,1.1229,1.0124,2.6102,7,6,June,2024
16:39:47,2024-06-07,Bitcoin,5634,195,3043,73781.24185982272,19709134,19709134,21000000,69364.64543738187,28147786743,1367117091787,1312859791,0.9995,0.981,1.0248,1.1229,1.0124,2.6102,7,6,June,2024
16:40:10,2024-06-07,Bitcoin,5634,195,3043,73781.24185982272,19709134,19709134,21000000,69371.3348088162,28150992542,1367248933505,1312523290,0.9996,0.9811,1.0249,1.123,1.0125,2.6104,7,6,June,2024
16:40:31,2024-06-07,Bitcoin,5634,195,3043,73781.24185982272,19709134,19709134,21000000,69377.873174847,28158095934,1367377799038,1346082210,0.9997,0.9812,1.025,1.1231,1.0126,2.6107,7,6,June,2024
16:40:52,2024-06-07,Bitcoin,5634,195,3043,73781.24185982272,19709134,19709134,21000000,69369.54407356917,28153021620,1367213639664,1343493973,0.999,0.9808,1.025,1.1234,1.0118,2.6093,7,6,June,2024
16:41:14,2024-06-07,Bitcoin,5634,195,3043,73781.24185982272,19709134,19709134,21000000,69371.47987017896,28152076725,1367251792539,1343742545,0.999,0.9809,1.0251,1.1234,1.0118,2.6094,7,6,June,2024
16:41:35,2024-06-07,Bitcoin,5634,195,3043,73781.24185982272,19709134,19709134,21000000,69371.22240095864,28184829059,1367246718044,1345733648,0.999,0.9809,1.0251,1.1234,1.0118,2.6094,7,6,June,2024
16:41:57,2024-06-07,Bitcoin,5634,195,3043,73781.24185982272,19709134,19709134,21000000,69370.07904988296,28195071755,1367224183584,1344992883,0.999,0.9808,1.025,1.1234,1.0118,2.6094,7,6,June,2024
16:42:17,2024-06-07,Bitcoin,5634,195,3043,73781.24185982272,19709134,19709134,21000000,69370.07904691265,28192500868,1367224183526,1344133058,0.999,0.9808,1.025,1.1234,1.0118,2.6094,7,6,June,2024
16:42:38,2024-06-07,Bitcoin,5634,195,3043,73781.24185982272,19709134,19709134,21000000,69341.55003205748,28187866352,1366661901349,1339446475,0.9986,0.9804,1.0246,1.1229,1.0114,2.6083,7,6,June,2024
16:42:59,2024-06-07,Bitcoin,5634,195,3043,73781.24185982272,19709134,19709134,21000000,69346.5273825865,28184284893,1366760000618,1324197713,0.9987,0.9805,1.0247,1.123,1.0114,2.6085,7,6,June,2024
16:43:23,2024-06-07,Bitcoin,5634,195,3043,73781.24185982272,19709134,19709134,21000000,69369.51877018243,28192759516,1367213140957,1326379060,0.999,0.9808,1.025,1.1234,1.0118,2.6093,7,6,June,2024
16:43:44,2024-06-07,Bitcoin,5634,195,3043,73781.24185982272,19709134,19709134,21000000,69370.30929504096,28190247688,1367228721517,1332462050,0.999,0.9809,1.025,1.1234,1.0118,2.6094,7,6,June,2024
16:44:04,2024-06-07,Bitcoin,5634,195,3043,73781.24185982272,19709134,19709134,21000000,69370.58307031973,28188094561,1367234117391,1331250257,0.999,0.9809,1.0251,1.1234,1.0118,2.6094,7,6,June,2024
16:44:26,2024-06-07,Bitcoin,5634,195,3043,73781.24185982272,19709134,19709134,21000000,69379.68227000501,28191164032,1367413454736,1335978337,0.9991,0.981,1.0252,1.1235,1.0119,2.6097,7,6,June,2024
16:44:46,2024-06-07,Bitcoin,5634,195,3043,73781.24185982272,19709134,19709134,21000000,69384.28782401708,28189892409,1367504226218,1338254283,0.9992,0.981,1.0253,1.1236,1.012,2.6099,7,6,June,2024
16:45:13,2024-06-07,Bitcoin,5634,195,3043,73781.24185982272,19709134,19709134,21000000,69384.54299362605,28186620735,1367509255390,1337976191,0.9992,0.9811,1.0253,1.1236,1.012,2.6099,7,6,June,2024
16:45:34,2024-06-07,Bitcoin,5634,195,3043,73781.24185982272,19709134,19709134,21000000,69384.1321245226,28188055781,1367501157515,1338344005,0.9992,0.981,1.0253,1.1236,1.012,2.6099,7,6,June,2024
16:45:55,2024-06-07,Bitcoin,5634,195,3043,73781.24185982272,19709134,19709134,21000000,69384.1525906828,28184412628,1367501560886,1331435265,0.9992,0.981,1.0253,1.1236,1.012,2.6099,7,6,June,2024
16:46:19,2024-06-07,Bitcoin,5634,195,3043,73781.24185982272,19709134,19709134,21000000,69400.25000842707,28198221566,1367818827049,1332469730,0.9986,0.9816,1.0252,1.1233,1.0128,2.6101,7,6,June,2024
16:46:39,2024-06-07,Bitcoin,5634,195,3043,73781.24185982272,19709134,19709134,21000000,69401.28903105397,28230533117,1367839305285,1333061594,0.9987,0.9817,1.0252,1.1233,1.0128,2.6101,7,6,June,2024
16:47:00,2024-06-07,Bitcoin,5634,195,3043,73781.24185982272,19709134,19709134,21000000,69409.01130955778,28236430777,1367991504707,1339071013,0.9988,0.9818,1.0253,1.1235,1.0129,2.6104,7,6,June,2024
16:47:21,2024-06-07,Bitcoin,5634,195,3043,73781.24185982272,19709134,19709134,21000000,69409.30507430944,28234284003,1367997294556,1337905287,0.9988,0.9818,1.0253,1.1235,1.0129,2.6104,7,6,June,2024
16:47:42,2024-06-07,Bitcoin,5634,195,3043,73781.24185982272,19709134,19709134,21000000,69409.12136716921,28230139696,1367993673847,1346517309,0.9988,0.9818,1.0253,1.1235,1.0129,2.6104,7,6,June,2024
16:48:05,2024-06-07,Bitcoin,5634,195,3043,73781.24185982272,19709134,19709134,21000000,69411.62568812672,28230346866,1368043031845,1346982928,0.9988,0.9818,1.0254,1.1235,1.0129,2.6105,7,6,June,2024
16:48:29,2024-06-07,Bitcoin,5634,195,3043,73781.24185982272,19709134,19709134,21000000,69415.92500956095,28233491003,1368127767747,1352573379,0.9989,0.9819,1.0254,1.1236,1.013,2.6107,7,6,June,2024
16:48:50,2024-06-07,Bitcoin,5634,195,3043,73781.24185982272,19709134,19709134,21000000,69415.92500956095,28233491003,1368127767747,1352573379,0.9989,0.9819,1.0254,1.1236,1.013,2.6107,7,6,June,2024
16:49:12,2024-06-07,Bitcoin,5634,195,3043,73781.24185982272,19709134,19709134,21000000,69412.40546447899,28228618030,1368058400561,1351001686,0.9988,0.9818,1.0254,1.1235,1.0129,2.6105,7,6,June,2024
16:49:34,2024-06-07,Bitcoin,5634,195,3043,73781.24185982272,19709134,19709134,21000000,69407.8870210681,28232395843,1367969345955,1350873434,0.9988,0.9818,1.0253,1.1235,1.0129,2.6103,7,6,June,2024
16:49:55,2024-06-07,Bitcoin,5634,195,3043,73781.24185982272,19709134,19709134,21000000,69408.60725219236,28230888624,1367983541086,1353446721,0.9988,0.9818,1.0253,1.1235,1.0129,2.6104,7,6,June,2024
16:50:16,2024-06-07,Bitcoin,5634,195,3043,73781.24185982272,19709134,19709134,21000000,69408.75978301524,28227360152,1367986547337,1359350785,0.9988,0.9818,1.0253,1.1235,1.0129,2.6104,7,6,June,2024
16:50:37,2024-06-07,Bitcoin,5634,195,3043,73781.24185982272,19709134,19709134,21000000,69399.25628859497,28221549742,1367799241692,1358859417,0.9983,0.9812,1.025,1.1246,1.0122,2.6093,7,6,June,2024
16:50:58,2024-06-07,Bitcoin,5634,195,3043,73781.24185982272,19709134,19709134,21000000,69401.76219549053,28223982471,1367848630947,1355883170,0.9983,0.9813,1.025,1.1246,1.0122,2.6094,7,6,June,2024
16:51:19,2024-06-07,Bitcoin,5634,195,3043,73781.24185982272,19709134,19709134,21000000,69400.02269114795,28249413610,1367814346822,1351839437,0.9983,0.9812,1.025,1.1246,1.0122,2.6093,7,6,June,2024
16:51:42,2024-06-07,Bitcoin,5634,195,3043,73781.24185982272,19709134,19709134,21000000,69399.61323951486,28246023194,1367806276885,1340097137,0.9983,0.9812,1.025,1.1246,1.0122,2.6093,7,6,June,2024
16:52:08,2024-06-07,Bitcoin,5634,195,3043,73781.24185982272,19709134,19709134,21000000,69398.32128676897,28244382989,1367780813615,1341646613,0.9983,0.9812,1.025,1.1246,1.0122,2.6092,7,6,June,2024
16:52:29,2024-06-07,Bitcoin,5634,195,3043,73781.24185982272,19709134,19709134,21000000,69382.80990511231,28243879834,1367475097716,1343695356,0.998,0.981,1.0247,1.1243,1.012,2.6086,7,6,June,2024
16:52:49,2024-06-07,Bitcoin,5634,195,3043,73781.24185982272,19709134,19709134,21000000,69379.6881211197,28243946206,1367413570057,1344119913,0.998,0.9809,1.0247,1.1243,1.0119,2.6085,7,6,June,2024
16:53:10,2024-06-07,Bitcoin,5634,195,3043,73781.24185982272,19709134,19709134,21000000,69378.20941050151,28239969828,1367384425951,1342454747,0.998,0.9809,1.0247,1.1243,1.0119,2.6085,7,6,June,2024
16:53:31,2024-06-07,Bitcoin,5634,195,3043,73781.24185982272,19709134,19709134,21000000,69377.90231485566,28241008792,1367378373362,1339913602,0.998,0.9809,1.0247,1.1242,1.0119,2.6085,7,6,June,2024
16:53:53,2024-06-07,Bitcoin,5634,195,3043,73781.24185982272,19709134,19709134,21000000,69375.45164304363,28240001032,1367330072743,1335830972,0.9979,0.9809,1.0246,1.1242,1.0119,2.6084,7,6,June,2024
16:54:18,2024-06-07,Bitcoin,5634,195,3043,73781.24185982272,19709134,19709134,21000000,69373.070162741,28237180664,1367283135828,1343959932,0.9979,0.9809,1.0246,1.1242,1.0118,2.6083,7,6,June,2024
16:54:38,2024-06-07,Bitcoin,5634,195,3043,73781.24185982272,19709134,19709134,21000000,69372.94131000381,28234225863,1367280596253,1344107500,0.9979,0.9809,1.0246,1.1242,1.0118,2.6083,7,6,June,2024
16:54:59,2024-06-07,Bitcoin,5634,195,3043,73781.24185982272,19709134,19709134,21000000,69376.03584727024,28237668447,1367341586902,1343346064,0.9979,0.9809,1.0246,1.1242,1.0119,2.6084,7,6,June,2024
16:55:21,2024-06-07,Bitcoin,5634,195,3043,73781.24185982272,19709134,19709134,21000000,69386.51499293436,28239580531,1367548121788,1347917493,0.9981,0.981,1.0248,1.1244,1.012,2.6088,7,6,June,2024
16:55:41,2024-06-07,Bitcoin,5634,195,3043,73781.24185982272,19709134,19709134,21000000,69386.5628051688,28238206267,1367549064126,1348231939,0.9981,0.981,1.0248,1.1244,1.012,2.6088,7,6,June,2024
16:56:02,2024-06-07,Bitcoin,5634,195,3043,73781.24185982272,19709134,19709134,21000000,69386.5628051688,28238206267,1367549064126,1348231939,0.9981,0.981,1.0248,1.1244,1.012,2.6088,7,6,June,2024
16:56:22,2024-06-07,Bitcoin,5634,195,3043,73781.24185982272,19709134,19709134,21000000,69399.71975090515,28243395454,1367808376133,1340541886,0.9991,0.9813,1.0255,1.1258,1.0124,2.6091,7,6,June,2024
16:56:45,2024-06-07,Bitcoin,5634,195,3043,73781.24185982272,19709134,19709134,21000000,69403.3632638349,28239801613,1367880186617,1334668170,0.9992,0.9813,1.0256,1.1259,1.0124,2.6093,7,6,June,2024
16:57:05,2024-06-07,Bitcoin,5634,195,3043,73781.24185982272,19709134,19709134,21000000,69405.49257141478,28275082390,1367922153426,1334799429,0.9992,0.9813,1.0256,1.1259,1.0125,2.6093,7,6,June,2024
16:57:26,2024-06-07,Bitcoin,5634,195,3043,73781.24185982272,19709134,19709134,21000000,69434.21889074636,28289872322,1368488324303,1335274967,0.9996,0.9818,1.0261,1.1264,1.0129,2.6104,7,6,June,2024
16:57:53,2024-06-07,Bitcoin,5634,195,3043,73781.24185982272,19709134,19709134,21000000,69438.20450167857,28284331425,1368566877242,1357002686,0.9997,0.9818,1.0261,1.1265,1.0129,2.6106,7,6,June,2024
16:58:14,2024-06-07,Bitcoin,5634,195,3043,73781.24185982272,19709134,19709134,21000000,69452.18484765977,28299370308,1368842417755,1342905540,0.9999,0.982,1.0263,1.1267,1.0131,2.6111,7,6,June,2024
16:58:35,2024-06-07,Bitcoin,5634,195,3043,73781.24185982272,19709134,19709134,21000000,69452.26234230297,28298586781,1368843945107,1343438185,0.9999,0.982,1.0263,1.1267,1.0131,2.6111,7,6,June,2024
16:58:59,2024-06-07,Bitcoin,5634,195,3043,73781.24185982272,19709134,19709134,21000000,69450.49869181636,28292310655,1368809185083,1338968258,0.9998,0.982,1.0263,1.1267,1.0131,2.611,7,6,June,2024
16:59:20,2024-06-07,Bitcoin,5634,195,3043,73781.24185982272,19709134,19709134,21000000,69450.77503732665,28299412124,1368814631614,1338500853,0.9998,0.982,1.0263,1.1267,1.0131,2.611,7,6,June,2024
16:59:46,2024-06-07,Bitcoin,5634,195,3043,73781.24185982272,19709134,19709134,21000000,69446.3018871661,28299639747,1368726469698,1350150156,0.9998,0.9819,1.0262,1.1266,1.0131,2.6109,7,6,June,2024
17:00:08,2024-06-07,Bitcoin,5634,195,3043,73781.24185982272,19709134,19709134,21000000,69447.39687134707,28302746328,1368748050888,1350064787,0.9998,0.9819,1.0263,1.1266,1.0131,2.6109,7,6,June,2024
17:00:32,2024-06-07,Bitcoin,5634,195,3042,73781.24185982272,19709134,19709134,21000000,69457.70326063171,28311188751,1368951180896,1336354624,0.9999,0.9821,1.0264,1.1268,1.0132,2.6113,7,6,June,2024
17:00:55,2024-06-07,Bitcoin,5634,195,3042,73781.24185982272,19709134,19709134,21000000,69458.77671922342,28304587796,1368972337835,1318766094,0.9999,0.9821,1.0264,1.1268,1.0132,2.6113,7,6,June,2024
17:01:15,2024-06-07,Bitcoin,5634,195,3042,73781.24185982272,19709134,19709134,21000000,69468.88318955556,28289910855,1369171527613,1312186758,1.0009,0.9816,1.0262,1.1261,1.0134,2.6098,7,6,June,2024
17:01:36,2024-06-07,Bitcoin,5634,195,3042,73781.24185982272,19709134,19709134,21000000,69467.78655666093,28275569544,1369149913928,1308139019,1.0009,0.9816,1.0262,1.1261,1.0134,2.6097,7,6,June,2024
17:02:01,2024-06-07,Bitcoin,5634,195,3042,73781.24185982272,19709134,19709134,21000000,69472.49316031966,28302913661,1369242677010,1317346131,1.001,0.9817,1.0262,1.1262,1.0135,2.6099,7,6,June,2024
17:02:21,2024-06-07,Bitcoin,5634,195,3042,73781.24185982272,19709134,19709134,21000000,69470.29716446309,28305568342,1369199395834,1317931635,1.0009,0.9817,1.0262,1.1262,1.0134,2.6098,7,6,June,2024
17:02:46,2024-06-07,Bitcoin,5634,195,3042,73781.24185982272,19709134,19709134,21000000,69470.27852651083,28299420304,1369199028496,1315928188,1.0009,0.9817,1.0262,1.1262,1.0134,2.6098,7,6,June,2024
17:03:06,2024-06-07,Bitcoin,5634,195,3042,73781.24185982272,19709134,19709134,21000000,69470.73263190327,28295958972,1369207978520,1315718311,1.0009,0.9817,1.0262,1.1262,1.0134,2.6098,7,6,June,2024
17:03:27,2024-06-07,Bitcoin,5634,195,3042,73781.24185982272,19709134,19709134,21000000,69469.21359605501,28296220211,1369178039639,1314850945,1.0009,0.9817,1.0262,1.1261,1.0134,2.6098,7,6,June,2024
17:03:47,2024-06-07,Bitcoin,5634,195,3042,73781.24185982272,19709134,19709134,21000000,69467.03037645936,28292375188,1369135010271,1313305750,1.0009,0.9816,1.0262,1.1261,1.0134,2.6097,7,6,June,2024
17:04:09,2024-06-07,Bitcoin,5634,195,3042,73781.24185982272,19709134,19709134,21000000,69459.3196660624,28291992030,1368983038847,1316337416,1.0008,0.9815,1.026,1.126,1.0133,2.6094,7,6,June,2024
17:04:29,2024-06-07,Bitcoin,5634,195,3042,73781.24185982272,19709134,19709134,21000000,69448.60739385411,28291018037,1368771909238,1316595740,1.0006,0.9814,1.0259,1.1258,1.0131,2.609,7,6,June,2024
17:04:51,2024-06-07,Bitcoin,5634,195,3042,73781.24185982272,19709134,19709134,21000000,69448.6693666168,28284715415,1368773130668,1317845641,1.0006,0.9814,1.0259,1.1258,1.0131,2.609,7,6,June,2024
17:05:11,2024-06-07,Bitcoin,5634,195,3042,73781.24185982272,19709134,19709134,21000000,69444.4844896241,28285028319,1368690650366,1317276041,1.0006,0.9813,1.0258,1.1257,1.0131,2.6089,7,6,June,2024
17:05:32,2024-06-07,Bitcoin,5634,195,3042,73781.24185982272,19709134,19709134,21000000,69421.3127214567,28282989149,1368233954883,1314104959,1.0012,0.9805,1.0258,1.1251,1.0126,2.608,7,6,June,2024
17:05:56,2024-06-07,Bitcoin,5634,195,3042,73781.24185982272,19709134,19709134,21000000,69416.96537427131,28275524999,1368148272434,1306934363,1.0012,0.9805,1.0258,1.125,1.0125,2.6078,7,6,June,2024
17:06:15,2024-06-07,Bitcoin,5634,195,3042,73781.24185982272,19709134,19709134,21000000,69416.96411628673,28310023171,1368148247641,1305959329,1.0012,0.9805,1.0258,1.125,1.0125,2.6078,7,6,June,2024
17:06:36,2024-06-07,Bitcoin,5634,195,3042,73781.24185982272,19709134,19709134,21000000,69416.62957755478,28310310675,1368141654172,1304170815,1.0012,0.9805,1.0257,1.125,1.0125,2.6078,7,6,June,2024
17:06:57,2024-06-07,Bitcoin,5634,195,3042,73781.24185982272,19709134,19709134,21000000,69432.31757696412,28309176397,1368450851054,1304816430,1.0014,0.9807,1.026,1.1253,1.0127,2.6084,7,6,June,2024
17:07:23,2024-06-07,Bitcoin,5634,195,3042,73781.24185982272,19709134,19709134,21000000,69445.83406540219,28317914870,1368717249336,1306669947,1.0016,0.9809,1.0262,1.1255,1.0129,2.6089,7,6,June,2024
17:07:43,2024-06-07,Bitcoin,5634,195,3042,73781.24185982272,19709134,19709134,21000000,69446.40522881094,28315852923,1368728506472,1307271661,1.0016,0.9809,1.0262,1.1255,1.0129,2.6089,7,6,June,2024
17:08:04,2024-06-07,Bitcoin,5634,195,3042,73781.24185982272,19709134,19709134,21000000,69446.08262282592,28307901287,1368722148188,1306165733,1.0016,0.9809,1.0262,1.1255,1.0129,2.6089,7,6,June,2024
17:08:24,2024-06-07,Bitcoin,5634,195,3042,73781.24185982272,19709134,19709134,21000000,69481.9640395302,28328409864,1369429339838,1345568503,1.0021,0.9814,1.0267,1.1261,1.0134,2.6102,7,6,June,2024
17:08:50,2024-06-07,Bitcoin,5634,195,3042,73781.24185982272,19709134,19709134,21000000,69483.89743706721,28323751134,1369467445429,1347858667,1.0021,0.9814,1.0267,1.1261,1.0135,2.6103,7,6,June,2024
17:09:11,2024-06-07,Bitcoin,5634,195,3042,73781.24185982272,19709134,19709134,21000000,69484.41783814436,28324016268,1369477702083,1343403812,1.0021,0.9814,1.0268,1.1261,1.0135,2.6103,7,6,June,2024
17:09:31,2024-06-07,Bitcoin,5634,195,3042,73781.24185982272,19709134,19709134,21000000,69498.16865253494,28332279981,1369748718727,1333681892,1.0023,0.9816,1.027,1.1263,1.0137,2.6108,7,6,June,2024
17:09:52,2024-06-07,Bitcoin,5634,195,3042,73781.24185982272,19709134,19709134,21000000,69510.52893117159,28332958600,1369992329115,1336020480,1.0025,0.9818,1.0271,1.1265,1.0139,2.6113,7,6,June,2024
17:10:12,2024-06-07,Bitcoin,5634,195,3042,73781.24185982272,19709134,19709134,21000000,69514.91317767267,28334913497,1370078738817,1337940418,1.0026,0.9818,1.0272,1.1266,1.0139,2.6115,7,6,June,2024
17:10:33,2024-06-07,Bitcoin,5634,195,3042,73781.24185982272,19709134,19709134,21000000,69519.54187740758,28337483075,1370169966480,1342235309,1.0026,0.9819,1.0273,1.1267,1.014,2.6116,7,6,June,2024
17:10:54,2024-06-07,Bitcoin,5634,195,3042,73781.24185982272,19709134,19709134,21000000,69519.3795328503,28332549580,1370166766809,1342316259,1.0026,0.9819,1.0273,1.1267,1.014,2.6116,7,6,June,2024
17:11:14,2024-06-07,Bitcoin,5634,195,3042,73781.24185982272,19709134,19709134,21000000,69523.42633030294,28333662209,1370246525683,1352890626,1.0045,0.9828,1.0272,1.1276,1.014,2.6123,7,6,June,2024
17:11:35,2024-06-07,Bitcoin,5634,195,3042,73781.24185982272,19709134,19709134,21000000,69523.29059268063,28363869398,1370243850412,1352188421,1.0045,0.9828,1.0272,1.1276,1.014,2.6123,7,6,June,2024
17:11:58,2024-06-07,Bitcoin,5634,195,3042,73781.24185982272,19709134,19709134,21000000,69523.35235177056,28357036973,1370245067630,1349346212,1.0045,0.9828,1.0272,1.1276,1.014,2.6123,7,6,June,2024
17:12:18,2024-06-07,Bitcoin,5634,195,3042,73781.24185982272,19709134,19709134,21000000,69524.91308675884,28362095910,1370275828365,1345054769,1.0046,0.9828,1.0272,1.1277,1.014,2.6123,7,6,June,2024
17:12:39,2024-06-07,Bitcoin,5634,195,3041,73781.24185982272,19709134,19709134,21000000,69527.86046628856,28361860340,1370333918663,1347578405,1.0046,0.9829,1.0273,1.1277,1.0141,2.6125,7,6,June,2024
17:13:13,2024-06-07,Bitcoin,5634,195,3041,73781.24185982272,19709134,19709134,21000000,69528.85414727527,28358743567,1370353503255,1348902998,1.0046,0.9829,1.0273,1.1277,1.0141,2.6125,7,6,June,2024
17:13:33,2024-06-07,Bitcoin,5634,195,3041,73781.24185982272,19709134,19709134,21000000,69528.03090775682,28359167787,1370337277917,1362180709,1.0046,0.9829,1.0273,1.1277,1.0141,2.6125,7,6,June,2024
17:13:54,2024-06-07,Bitcoin,5634,195,3041,73781.24185982272,19709134,19709134,21000000,69512.993579601,28352226152,1370040905201,1357498331,1.0044,0.9827,1.0271,1.1275,1.0139,2.6119,7,6,June,2024
17:14:14,2024-06-07,Bitcoin,5634,195,3041,73781.24185982272,19709134,19709134,21000000,69512.80646974753,28345509165,1370037217428,1357580910,1.0044,0.9827,1.0271,1.1275,1.0139,2.6119,7,6,June,2024
17:14:35,2024-06-07,Bitcoin,5634,195,3041,73781.24185982272,19709134,19709134,21000000,69512.80646974753,28345509165,1370037217428,1357580910,1.0044,0.9827,1.0271,1.1275,1.0139,2.6119,7,6,June,2024
17:14:56,2024-06-07,Bitcoin,5634,195,3041,73781.24185982272,19709134,19709134,21000000,69521.05463509639,28341607250,1370199781624,1354501665,1.0045,0.9828,1.0272,1.1276,1.014,2.6122,7,6,June,2024
17:15:16,2024-06-07,Bitcoin,5634,195,3041,73781.24185982272,19709134,19709134,21000000,69525.9422063889,28341938990,1370296111421,1354843385,1.0046,0.9829,1.0272,1.1277,1.0141,2.6124,7,6,June,2024
17:15:37,2024-06-07,Bitcoin,5634,195,3041,73781.24185982272,19709134,19709134,21000000,69543.21346666518,28348367497,1370636513005,1354578051,1.0048,0.9831,1.0275,1.128,1.0143,2.613,7,6,June,2024
17:15:57,2024-06-07,Bitcoin,5634,195,3041,73781.24185982272,19709134,19709134,21000000,69544.64426501433,28344114284,1370664712801,1355580822,1.0041,0.9827,1.0273,1.129,1.0141,2.6115,7,6,June,2024
17:16:19,2024-06-07,Bitcoin,5634,195,3041,73781.24185982272,19709134,19709134,21000000,69545.56539026216,28340188291,1370682867382,1352994708,1.0041,0.9827,1.0273,1.129,1.0141,2.6116,7,6,June,2024
17:16:40,2024-06-07,Bitcoin,5634,195,3041,73781.24185982272,19709134,19709134,21000000,69527.39185355537,28365431376,1370324682712,1356084134,1.0038,0.9824,1.0271,1.1287,1.0138,2.6109,7,6,June,2024
17:17:00,2024-06-07,Bitcoin,5634,195,3041,73781.24185982272,19709134,19709134,21000000,69526.19169089095,28360206971,1370301028545,1357739637,1.0038,0.9824,1.027,1.1287,1.0138,2.6109,7,6,June,2024
17:17:21,2024-06-07,Bitcoin,5634,195,3041,73781.24185982272,19709134,19709134,21000000,69526.22418894262,28359318906,1370301669053,1357566472,1.0038,0.9824,1.027,1.1287,1.0138,2.6109,7,6,June,2024
17:17:46,2024-06-07,Bitcoin,5634,195,3041,73781.24185982272,19709134,19709134,21000000,69522.94422370725,28359103901,1370237023779,1357739537,1.0037,0.9824,1.027,1.1286,1.0138,2.6107,7,6,June,2024
17:18:07,2024-06-07,Bitcoin,5634,195,3041,73781.24185982272,19709134,19709134,21000000,69522.9391834523,28355565049,1370236924440,1358307427,1.0037,0.9824,1.027,1.1286,1.0138,2.6107,7,6,June,2024
17:18:27,2024-06-07,Bitcoin,5634,195,3041,73781.24185982272,19709134,19709134,21000000,69523.24228208076,28355258101,1370242898251,1358998658,1.0038,0.9824,1.027,1.1286,1.0138,2.6107,7,6,June,2024
17:18:48,2024-06-07,Bitcoin,5634,195,3041,73781.24185982272,19709134,19709134,21000000,69529.98944535856,28355622673,1370375878997,1359410796,1.0039,0.9825,1.0271,1.1287,1.0139,2.611,7,6,June,2024
17:19:08,2024-06-07,Bitcoin,5634,195,3041,73781.24185982272,19709134,19709134,21000000,69531.61868916621,28357254466,1370407989981,1361489411,1.0039,0.9825,1.0271,1.1288,1.0139,2.6111,7,6,June,2024
17:19:29,2024-06-07,Bitcoin,5634,195,3041,73781.24185982272,19709134,19709134,21000000,69535.27248065095,28352632846,1370480003047,1360222390,1.0039,0.9826,1.0272,1.1288,1.0139,2.6112,7,6,June,2024
17:19:49,2024-06-07,Bitcoin,5634,195,3041,73781.24185982272,19709184,19709184,21000000,69552.54579780017,28362846936,1370823922797,1359758563,1.0042,0.9828,1.0274,1.1291,1.0142,2.6118,7,6,June,2024
17:20:18,2024-06-07,Bitcoin,5634,195,3041,73781.24185982272,19709184,19709184,21000000,69553.00354958151,28359068389,1370832944711,1360480662,1.0042,0.9828,1.0274,1.1291,1.0142,2.6119,7,6,June,2024
17:20:39,2024-06-07,Bitcoin,5634,195,3041,73781.24185982272,19709184,19709184,21000000,69537.0837756921,28351229800,1370519178958,1359380472,1.004,0.9826,1.0272,1.1288,1.014,2.6113,7,6,June,2024
17:20:59,2024-06-07,Bitcoin,5634,195,3041,73781.24185982272,19709184,19709184,21000000,69537.0837756921,28351229800,1370519178958,1359380472,1.004,0.9826,1.0272,1.1288,1.014,2.6113,7,6,June,2024
17:21:20,2024-06-07,Bitcoin,5634,195,3041,73781.24185982272,19709184,19709184,21000000,69532.741915962,28338734345,1370433604446,1356019839,1.0039,0.9815,1.0273,1.129,1.0156,2.6111,7,6,June,2024
17:21:40,2024-06-07,Bitcoin,5634,195,3041,73781.24185982272,19709184,19709184,21000000,69501.29523889032,28327307905,1369813816101,1363364020,1.0034,0.981,1.0269,1.1285,1.0151,2.6099,7,6,June,2024
17:22:02,2024-06-07,Bitcoin,5634,195,3041,73781.24185982272,19709184,19709184,21000000,69485.10636488632,28317019047,1369494746605,1359037502,1.0032,0.9808,1.0266,1.1283,1.0149,2.6093,7,6,June,2024
17:22:25,2024-06-07,Bitcoin,5634,195,3041,73781.24185982272,19709184,19709184,21000000,69484.68134456876,28316117687,1369486369801,1363633665,1.0032,0.9808,1.0266,1.1282,1.0149,2.6093,7,6,June,2024
17:22:45,2024-06-07,Bitcoin,5634,195,3041,73781.24185982272,19709184,19709184,21000000,69480.27600819488,28318582696,1369399544216,1364209369,1.0031,0.9807,1.0266,1.1282,1.0148,2.6091,7,6,June,2024
17:23:08,2024-06-07,Bitcoin,5634,195,3041,73781.24185982272,19709184,19709184,21000000,69485.20263714092,28317437133,1369496644052,1355226177,1.0032,0.9808,1.0266,1.1283,1.0149,2.6093,7,6,June,2024
17:23:29,2024-06-07,Bitcoin,5634,195,3041,73781.24185982272,19709184,19709184,21000000,69490.12100088986,28316064856,1369593580988,1348063812,1.0033,0.9808,1.0267,1.1283,1.015,2.6095,7,6,June,2024
17:23:49,2024-06-07,Bitcoin,5634,195,3041,73781.24185982272,19709184,19709184,21000000,69521.07818651319,28331140464,1370203721856,1348463062,1.0037,0.9813,1.0272,1.1288,1.0154,2.6106,7,6,June,2024
17:24:16,2024-06-07,Bitcoin,5634,195,3041,73781.24185982272,19709184,19709184,21000000,69524.7411624028,28368249638,1370275916122,1346249534,1.0038,0.9813,1.0272,1.1289,1.0155,2.6108,7,6,June,2024
17:24:40,2024-06-07,Bitcoin,5634,195,3041,73781.24185982272,19709184,19709184,21000000,69535.78096823607,28371951956,1370493501686,1349232213,1.0039,0.9815,1.0274,1.1291,1.0156,2.6112,7,6,June,2024
17:25:01,2024-06-07,Bitcoin,5634,195,3041,73781.24185982272,19709184,19709184,21000000,69536.17117832198,28368394046,1370501192409,1347717051,1.0039,0.9815,1.0274,1.1291,1.0157,2.6112,7,6,June,2024
17:25:24,2024-06-07,Bitcoin,5634,195,3041,73781.24185982272,19709184,19709184,21000000,69543.15021373174,28374485181,1370638743502,1346564251,1.003,0.9823,1.028,1.1299,1.0155,2.6145,7,6,June,2024
17:25:45,2024-06-07,Bitcoin,5634,195,3041,73781.24185982272,19709184,19709184,21000000,69549.24213128666,28379076465,1370758810226,1347932625,1.0031,0.9824,1.0281,1.13,1.0156,2.6147,7,6,June,2024
17:26:13,2024-06-07,Bitcoin,5634,195,3041,73781.24185982272,19709184,19709184,21000000,69557.16399167782,28389511738,1370914943630,1350503542,1.0032,0.9825,1.0282,1.1302,1.0157,2.615,7,6,June,2024
17:26:33,2024-06-07,Bitcoin,5634,195,3041,73781.24185982272,19709184,19709184,21000000,69558.38553498937,28387616927,1370939019252,1349743577,1.0032,0.9826,1.0282,1.1302,1.0158,2.615,7,6,June,2024
17:26:54,2024-06-07,Bitcoin,5634,195,3041,73781.24185982272,19709184,19709184,21000000,69563.80700793257,28392515193,1371045872059,1350955062,1.0033,0.9826,1.0283,1.1303,1.0158,2.6153,7,6,June,2024
17:27:14,2024-06-07,Bitcoin,5634,195,3041,73781.24185982272,19709184,19709184,21000000,69564.40561963766,28388134195,1371057670208,1350926908,1.0033,0.9826,1.0283,1.1303,1.0158,2.6153,7,6,June,2024
17:27:36,2024-06-07,Bitcoin,5634,195,3041,73781.24185982272,19709184,19709184,21000000,69546.75519422095,28384256892,1370709794725,1354343142,1.0031,0.9824,1.0281,1.13,1.0156,2.6146,7,6,June,2024
17:27:59,2024-06-07,Bitcoin,5634,195,3041,73781.24185982272,19709184,19709184,21000000,69543.7883318669,28375738627,1370651320289,1354125465,1.003,0.9824,1.028,1.1299,1.0155,2.6145,7,6,June,2024
17:28:19,2024-06-07,Bitcoin,5634,195,3041,73781.24185982272,19709184,19709184,21000000,69542.2985661324,28375386889,1370621958222,1336404512,1.003,0.9823,1.028,1.1299,1.0155,2.6144,7,6,June,2024
17:28:40,2024-06-07,Bitcoin,5634,195,3041,73781.24185982272,19709184,19709184,21000000,69542.39143053406,28373738760,1370623788504,1334251138,1.003,0.9823,1.028,1.1299,1.0155,2.6144,7,6,June,2024
17:29:02,2024-06-07,Bitcoin,5634,195,3041,73781.24185982272,19709184,19709184,21000000,69552.74177046084,28373706026,1370827785258,1337137923,1.0032,0.9825,1.0282,1.1301,1.0157,2.6148,7,6,June,2024
17:29:45,2024-06-07,Bitcoin,5634,195,3041,73781.24185982272,19709184,19709184,21000000,69555.1781744645,28373020270,1370875804793,1335032923,1.0032,0.9825,1.0282,1.1301,1.0157,2.6149,7,6,June,2024
17:30:55,2024-06-07,Bitcoin,5634,195,3041,73781.24185982272,19709184,19709184,21000000,69558.46067815204,28369706749,1370940500262,1335625094,1.0049,0.9829,1.0286,1.1266,1.0163,2.615,7,6,June,2024
17:31:16,2024-06-07,Bitcoin,5634,195,3041,73781.24185982272,19709184,19709184,21000000,69553.41058651231,28389317260,1370840967077,1324141939,1.0048,0.9829,1.0286,1.1266,1.0162,2.6149,7,6,June,2024
17:31:37,2024-06-07,Bitcoin,5634,195,3041,73781.24185982272,19709184,19709184,21000000,69525.22937447162,28375241024,1370285538383,1326069400,1.0044,0.9825,1.0282,1.1261,1.0158,2.6138,7,6,June,2024
17:31:57,2024-06-07,Bitcoin,5634,195,3041,73781.24185982272,19709184,19709184,21000000,69523.83069721067,28373783596,1370257971596,1324846386,1.0044,0.9824,1.0281,1.1261,1.0158,2.6137,7,6,June,2024
17:32:18,2024-06-07,Bitcoin,5634,195,3041,73781.24185982272,19709184,19709184,21000000,69520.37061173763,28368752218,1370189776134,1340625976,1.0043,0.9824,1.0281,1.126,1.0157,2.6136,7,6,June,2024
17:32:39,2024-06-07,Bitcoin,5634,195,3041,73781.24185982272,19709184,19709184,21000000,69518.83617342445,28368522143,1370159533607,1340287449,1.0043,0.9824,1.0281,1.126,1.0157,2.6136,7,6,June,2024
17:32:59,2024-06-07,Bitcoin,5634,195,3041,73781.24185982272,19709184,19709184,21000000,69520.48143139323,28368950377,1370191960299,1342213761,1.0043,0.9824,1.0281,1.126,1.0157,2.6136,7,6,June,2024
17:33:25,2024-06-07,Bitcoin,5634,195,3041,73781.24185982272,19709184,19709184,21000000,69521.97297822215,28360595709,1370221357470,1342038809,1.0044,0.9824,1.0281,1.126,1.0157,2.6137,7,6,June,2024
17:33:45,2024-06-07,Bitcoin,5634,195,3041,73781.24185982272,19709184,19709184,21000000,69538.2076999635,28367197768,1370541330588,1344434067,1.0046,0.9826,1.0284,1.1263,1.016,2.6143,7,6,June,2024
17:34:06,2024-06-07,Bitcoin,5634,195,3041,73781.24185982272,19709184,19709184,21000000,69538.20771848677,28364388503,1370541330953,1345578769,1.0046,0.9826,1.0284,1.1263,1.016,2.6143,7,6,June,2024
17:34:29,2024-06-07,Bitcoin,5634,195,3041,73781.24185982272,19709184,19709184,21000000,69538.95021984246,28359588640,1370555965049,1345506147,1.0046,0.9827,1.0284,1.1263,1.016,2.6143,7,6,June,2024
17:34:49,2024-06-07,Bitcoin,5634,195,3041,73781.24185982272,19709184,19709184,21000000,69543.37752101819,28362734712,1370643223543,1339864743,1.0047,0.9827,1.0284,1.1264,1.016,2.6145,7,6,June,2024
17:35:12,2024-06-07,Bitcoin,5634,195,3041,73781.24185982272,19709184,19709184,21000000,69544.55906357821,28359842376,1370666510782,1341041241,1.0047,0.9827,1.0284,1.1264,1.0161,2.6145,7,6,June,2024
17:35:35,2024-06-07,Bitcoin,5634,195,3041,73781.24185982272,19709184,19709184,21000000,69517.53777056233,28350170202,1370133943146,1342882859,1.0043,0.9823,1.028,1.126,1.0157,2.6135,7,6,June,2024
17:35:56,2024-06-07,Bitcoin,5634,195,3041,73781.24185982272,19709184,19709184,21000000,69515.80472543267,28348932728,1370099786241,1343744998,1.0043,0.9823,1.028,1.1259,1.0156,2.6134,7,6,June,2024
17:36:16,2024-06-07,Bitcoin,5634,195,3041,73781.24185982272,19709184,19709184,21000000,69508.3877851676,28371769719,1369953604401,1343137452,1.0034,0.9814,1.0274,1.1263,1.0142,2.6163,7,6,June,2024
17:36:37,2024-06-07,Bitcoin,5634,195,3041,73781.24185982272,19709184,19709184,21000000,69505.99572093587,28368348362,1369906458767,1342892893,1.0033,0.9814,1.0274,1.1262,1.0142,2.6162,7,6,June,2024
17:36:57,2024-06-07,Bitcoin,5634,195,3041,73781.24185982272,19709184,19709184,21000000,69494.11328440809,28363660673,1369672265639,1344289762,1.0032,0.9812,1.0272,1.126,1.014,2.6158,7,6,June,2024
17:37:19,2024-06-07,Bitcoin,5634,195,3041,73781.24185982272,19709184,19709184,21000000,69492.12860362457,28363288582,1369633149200,1340724210,1.0031,0.9812,1.0272,1.126,1.014,2.6157,7,6,June,2024
17:37:42,2024-06-07,Bitcoin,5634,195,3041,73781.24185982272,19709184,19709184,21000000,69493.29497647923,28364237023,1369656137457,1338261201,1.0032,0.9812,1.0272,1.126,1.014,2.6157,7,6,June,2024
17:38:02,2024-06-07,Bitcoin,5634,195,3041,73781.24185982272,19709184,19709184,21000000,69493.22562643311,28359975674,1369654770624,1336382075,1.0032,0.9812,1.0272,1.126,1.014,2.6157,7,6,June,2024
17:38:23,2024-06-07,Bitcoin,5634,195,3041,73781.24185982272,19709184,19709184,21000000,69489.47637897362,28358456751,1369580876016,1339254376,1.0031,0.9812,1.0271,1.126,1.0139,2.6156,7,6,June,2024
17:38:44,2024-06-07,Bitcoin,5634,195,3041,73781.24185982272,19709184,19709184,21000000,69476.27169301153,28353138268,1369320622431,1346405702,1.0029,0.981,1.0269,1.1258,1.0137,2.6151,7,6,June,2024
17:39:04,2024-06-07,Bitcoin,5634,195,3041,73781.24185982272,19709184,19709184,21000000,69474.86417083739,28354629810,1369292881318,1345299845,1.0029,0.981,1.0269,1.1257,1.0137,2.615,7,6,June,2024
17:39:25,2024-06-07,Bitcoin,5634,195,3041,73781.24185982272,19709184,19709184,21000000,69470.86098225489,28346254291,1369213981737,1345058136,1.0028,0.9809,1.0269,1.1257,1.0137,2.6149,7,6,June,2024
17:39:45,2024-06-07,Bitcoin,5634,195,3041,73781.24185982272,19709184,19709184,21000000,69470.73114259685,28345429628,1369211422703,1344451587,1.0028,0.9809,1.0269,1.1257,1.0137,2.6149,7,6,June,2024
17:40:06,2024-06-07,Bitcoin,5634,195,3041,73781.24185982272,19709184,19709184,21000000,69470.73114259685,28345429628,1369211422703,1344451587,1.0028,0.9809,1.0269,1.1257,1.0137,2.6149,7,6,June,2024
17:40:26,2024-06-07,Bitcoin,5634,195,3041,73781.24185982272,19709184,19709184,21000000,69460.26607735635,28340796244,1369005164807,1340721826,1.0027,0.9807,1.0267,1.1255,1.0135,2.6145,7,6,June,2024
17:40:47,2024-06-07,Bitcoin,5634,195,3041,73781.24185982272,19709184,19709184,21000000,69474.15696550826,28345339808,1369278942878,1336438998,1.0014,0.9811,1.0273,1.1261,1.0135,2.6162,7,6,June,2024
17:41:48,2024-06-07,Bitcoin,5634,195,3041,73781.24185982272,19709184,19709184,21000000,69477.72490341884,28373439487,1369349264022,1344327008,1.0015,0.9811,1.0274,1.1262,1.0136,2.6164,7,6,June,2024
17:42:30,2024-06-07,Bitcoin,5634,195,3041,73781.24185982272,19709184,19709184,21000000,69483.97147843285,28374861580,1369472378919,1343521199,1.0016,0.9812,1.0275,1.1263,1.0137,2.6166,7,6,June,2024
17:42:50,2024-06-07,Bitcoin,5634,195,3041,73781.24185982272,19709184,19709184,21000000,69488.76614397296,28374568977,1369566877864,1343092730,1.0017,0.9813,1.0275,1.1264,1.0138,2.6168,7,6,June,2024
17:43:11,2024-06-07,Bitcoin,5634,195,3041,73781.24185982272,19709184,19709184,21000000,69492.45746605327,28375631985,1369639630810,1344957063,1.0017,0.9813,1.0276,1.1264,1.0138,2.6169,7,6,June,2024
17:43:32,2024-06-07,Bitcoin,5634,195,3041,73781.24185982272,19709184,19709184,21000000,69500.06646622656,28378808882,1369789597995,1345511996,1.0018,0.9815,1.0277,1.1265,1.0139,2.6172,7,6,June,2024
17:43:56,2024-06-07,Bitcoin,5634,195,3041,73781.24185982272,19709184,19709184,21000000,69499.78458348078,28374952702,1369784042316,1346801195,1.0018,0.9815,1.0277,1.1265,1.0139,2.6172,7,6,June,2024
17:44:16,2024-06-07,Bitcoin,5634,195,3041,73781.24185982272,19709184,19709184,21000000,69500.21742183407,28375589372,1369792573206,1350399488,1.0018,0.9815,1.0277,1.1265,1.0139,2.6172,7,6,June,2024
17:44:37,2024-06-07,Bitcoin,5634,195,3041,73781.24185982272,19709184,19709184,21000000,69500.49325136741,28374229633,1369798009581,1358544241,1.0018,0.9815,1.0277,1.1266,1.0139,2.6172,7,6,June,2024
17:44:57,2024-06-07,Bitcoin,5634,195,3041,73781.24185982272,19709184,19709184,21000000,69496.69785948929,28372638636,1369723205505,1359940554,1.0018,0.9814,1.0276,1.1265,1.0139,2.6171,7,6,June,2024
17:45:18,2024-06-07,Bitcoin,5634,195,3041,73781.24185982272,19709184,19709184,21000000,69497.21852263273,28377331881,1369733467350,1367439842,1.0018,0.9814,1.0277,1.1265,1.0139,2.6171,7,6,June,2024
17:45:38,2024-06-07,Bitcoin,5634,195,3041,73781.24185982272,19709184,19709184,21000000,69494.79267286263,28371990721,1369685655831,1366570118,1.0017,0.9814,1.0276,1.1265,1.0138,2.617,7,6,June,2024
17:45:59,2024-06-07,Bitcoin,5634,195,3041,73781.24185982272,19709184,19709184,21000000,69494.81613301946,28369504352,1369686118211,1367345372,1.0015,0.9815,1.0282,1.1258,1.0128,2.6143,7,6,June,2024
17:46:19,2024-06-07,Bitcoin,5634,195,3041,73781.24185982272,19709184,19709184,21000000,69492.71346787547,28365450975,1369644676397,1367808711,1.0015,0.9815,1.0282,1.1257,1.0128,2.6142,7,6,June,2024
17:46:40,2024-06-07,Bitcoin,5634,195,3041,73781.24185982272,19709184,19709184,21000000,69488.37130863933,28390438344,1369559095982,1361196680,1.0015,0.9814,1.0281,1.1257,1.0127,2.614,7,6,June,2024
17:47:03,2024-06-07,Bitcoin,5634,195,3041,73781.24185982272,19709184,19709184,21000000,69488.46776285474,28385668214,1369560997016,1362585888,1.0015,0.9814,1.0281,1.1257,1.0127,2.614,7,6,June,2024
17:47:53,2024-06-07,Bitcoin,5634,195,3041,73781.24185982272,19709184,19709184,21000000,69487.98788903595,28392704596,1369551539094,1365324363,1.0014,0.9814,1.0281,1.1257,1.0127,2.614,7,6,June,2024
17:48:18,2024-06-07,Bitcoin,5634,195,3041,73781.24185982272,19709184,19709184,21000000,69487.47595018847,28390060290,1369541449197,1347790874,1.0014,0.9814,1.0281,1.1257,1.0127,2.614,7,6,June,2024
17:48:39,2024-06-07,Bitcoin,5634,195,3041,73781.24185982272,19709184,19709184,21000000,69486.0012085291,28388319703,1369512383243,1347118277,1.0014,0.9814,1.0281,1.1256,1.0127,2.6139,7,6,June,2024
17:48:59,2024-06-07,Bitcoin,5634,195,3041,73781.24185982272,19709184,19709184,21000000,69485.74228452363,28384253061,1369507280062,1334347973,1.0014,0.9814,1.0281,1.1256,1.0127,2.6139,7,6,June,2024
17:49:20,2024-06-07,Bitcoin,5634,195,3041,73781.24185982272,19709184,19709184,21000000,69487.29676978459,28384724571,1369537917698,1335966947,1.0014,0.9814,1.0281,1.1257,1.0127,2.614,7,6,June,2024
17:49:41,2024-06-07,Bitcoin,5634,195,3041,73781.24185982272,19709184,19709184,21000000,69483.40310730883,28383624564,1369461176788,1335216384,1.0014,0.9813,1.028,1.1256,1.0127,2.6138,7,6,June,2024
17:50:15,2024-06-07,Bitcoin,5634,195,3041,73781.24185982272,19709184,19709184,21000000,69483.22281442022,28381322385,1369457623362,1337400454,1.0014,0.9813,1.028,1.1256,1.0127,2.6138,7,6,June,2024
17:50:35,2024-06-07,Bitcoin,5634,195,3041,73781.24185982272,19709184,19709184,21000000,69482.11502314471,28381447625,1369435789700,1340421119,1.0014,0.9813,1.028,1.1256,1.0127,2.6138,7,6,June,2024
17:50:56,2024-06-07,Bitcoin,5634,195,3041,73781.24185982272,19709184,19709184,21000000,69482.0342126446,28378140753,1369434196991,1338124392,1.0014,0.9813,1.028,1.1256,1.0127,2.6138,7,6,June,2024
17:51:17,2024-06-07,Bitcoin,5634,195,3041,73781.24185982272,19709184,19709184,21000000,69480.63830798198,28408737515,1369406684849,1336248449,1.001,0.981,1.0282,1.1266,1.0126,2.6146,7,6,June,2024
17:51:37,2024-06-07,Bitcoin,5634,195,3041,73781.24185982272,19709184,19709184,21000000,69480.49545397595,28402620594,1369403869313,1336084013,1.001,0.981,1.0282,1.1266,1.0126,2.6146,7,6,June,2024
17:52:17,2024-06-07,Bitcoin,5634,195,3041,73781.24185982272,19709184,19709184,21000000,69459.91732542397,28395384780,1368998291191,1338480371,1.0007,0.9807,1.0279,1.1262,1.0123,2.6138,7,6,June,2024
17:53:09,2024-06-07,Bitcoin,5634,195,3041,73781.24185982272,19709184,19709184,21000000,69455.77169441032,28391042378,1368916584187,1345642010,1.0006,0.9806,1.0279,1.1262,1.0122,2.6136,7,6,June,2024
17:53:31,2024-06-07,Bitcoin,5634,195,3041,73781.24185982272,19709184,19709184,21000000,69455.87498969703,28393220220,1368918620052,1346219892,1.0006,0.9806,1.0279,1.1262,1.0122,2.6136,7,6,June,2024
17:53:55,2024-06-07,Bitcoin,5634,195,3041,73781.24185982272,19709184,19709184,21000000,69455.9100131395,28383266213,1368919310336,1343744671,1.0006,0.9806,1.0279,1.1262,1.0122,2.6136,7,6,June,2024
17:54:15,2024-06-07,Bitcoin,5634,195,3041,73781.24185982272,19709184,19709184,21000000,69457.14255826497,28386718856,1368943602795,1344624397,1.0006,0.9806,1.0279,1.1262,1.0122,2.6137,7,6,June,2024
17:54:37,2024-06-07,Bitcoin,5634,195,3041,73781.24185982272,19709184,19709184,21000000,69456.77171573375,28379418803,1368936293791,1348626844,1.0006,0.9806,1.0279,1.1262,1.0122,2.6137,7,6,June,2024
17:55:01,2024-06-07,Bitcoin,5634,195,3041,73781.24185982272,19709184,19709184,21000000,69448.84515366484,28381913635,1368780067721,1348219545,1.0005,0.9805,1.0278,1.126,1.0121,2.6134,7,6,June,2024
17:55:21,2024-06-07,Bitcoin,5634,195,3041,73781.24185982272,19709184,19709184,21000000,69447.26846360449,28382008740,1368748992446,1348375728,1.0005,0.9805,1.0277,1.126,1.0121,2.6133,7,6,June,2024
17:55:44,2024-06-07,Bitcoin,5634,195,3041,73781.24185982272,19709184,19709184,21000000,69447.24995463535,28375951645,1368748627649,1350998985,1.001,0.9806,1.027,1.1273,1.0123,2.6141,7,6,June,2024
17:56:06,2024-06-07,Bitcoin,5634,195,3041,73781.24185982272,19709184,19709184,21000000,69444.73597659134,28375604829,1368699079194,1353098472,1.001,0.9806,1.027,1.1272,1.0123,2.614,7,6,June,2024
17:56:31,2024-06-07,Bitcoin,5634,195,3042,73781.24185982272,19709184,19709184,21000000,69443.3836551986,28401712054,1368672426042,1352525435,1.0009,0.9806,1.0269,1.1272,1.0123,2.6139,7,6,June,2024
17:56:51,2024-06-07,Bitcoin,5634,195,3042,73781.24185982272,19709184,19709184,21000000,69443.22190146471,28398705930,1368669238008,1353806103,1.0009,0.9806,1.0269,1.1272,1.0123,2.6139,7,6,June,2024
17:57:12,2024-06-07,Bitcoin,5634,195,3042,73781.24185982272,19709184,19709184,21000000,69436.23735230295,28399015542,1368531578244,1352115894,1.0008,0.9805,1.0268,1.1271,1.0122,2.6136,7,6,June,2024
17:57:33,2024-06-07,Bitcoin,5634,195,3042,73781.24185982272,19709184,19709184,21000000,69437.00977231294,28401206788,1368546802012,1352441093,1.0008,0.9805,1.0269,1.1271,1.0122,2.6137,7,6,June,2024
17:57:54,2024-06-07,Bitcoin,5634,195,3042,73781.24185982272,19709184,19709184,21000000,69437.01396178592,28397046213,1368546884583,1352257358,1.0008,0.9805,1.0269,1.1271,1.0122,2.6137,7,6,June,2024
17:58:14,2024-06-07,Bitcoin,5634,195,3042,73781.24185982272,19709184,19709184,21000000,69438.30311846144,28399955018,1368572292809,1351084453,1.0009,0.9805,1.0269,1.1271,1.0122,2.6137,7,6,June,2024
17:58:35,2024-06-07,Bitcoin,5634,195,3042,73781.24185982272,19709184,19709184,21000000,69438.44505656639,28398198797,1368575090293,1349153202,1.0009,0.9805,1.0269,1.1271,1.0122,2.6137,7,6,June,2024
17:58:56,2024-06-07,Bitcoin,5634,195,3042,73781.24185982272,19709184,19709184,21000000,69460.45255857254,28408737621,1369008840200,1349175418,1.0012,0.9808,1.0272,1.1275,1.0125,2.6146,7,6,June,2024
17:59:17,2024-06-07,Bitcoin,5634,195,3042,73781.24185982272,19709184,19709184,21000000,69463.46232624419,28410783760,1369068160265,1349054559,1.0012,0.9809,1.0272,1.1275,1.0126,2.6147,7,6,June,2024
17:59:38,2024-06-07,Bitcoin,5634,195,3042,73781.24185982272,19709184,19709184,21000000,69463.46232624419,28410783760,1369068160265,1349054559,1.0012,0.9809,1.0272,1.1275,1.0126,2.6147,7,6,June,2024
17:59:58,2024-06-07,Bitcoin,5634,195,3042,73781.24185982272,19709184,19709184,21000000,69465.40518120925,28404409098,1369106452351,1341930366,1.0013,0.9809,1.0273,1.1276,1.0126,2.6147,7,6,June,2024
18:00:19,2024-06-07,Bitcoin,5634,195,3042,73781.24185982272,19709184,19709184,21000000,69464.81314138211,28405748276,1369094783729,1339618855,1.0012,0.9809,1.0273,1.1276,1.0126,2.6147,7,6,June,2024
18:00:44,2024-06-07,Bitcoin,5634,195,3042,73781.24185982272,19709184,19709184,21000000,69464.70730114006,28400217836,1369092697704,1335726133,1.0012,0.9809,1.0273,1.1276,1.0126,2.6147,7,6,June,2024
18:01:05,2024-06-07,Bitcoin,5634,195,3042,73781.24185982272,19709184,19709184,21000000,69457.14945567604,28393065025,1368943738737,1334012686,1.0001,0.9811,1.0274,1.1279,1.0125,2.6137,7,6,June,2024
18:01:26,2024-06-07,Bitcoin,5634,195,3042,73781.24185982272,19709184,19709184,21000000,69447.60524405935,28409961283,1368755630114,1308656338,1.0,0.981,1.0273,1.1277,1.0124,2.6133,7,6,June,2024
18:01:46,2024-06-07,Bitcoin,5634,195,3042,73781.24185982272,19709184,19709184,21000000,69447.6052440604,28404854607,1368755630114,1310077709,1.0,0.981,1.0273,1.1277,1.0124,2.6133,7,6,June,2024
18:02:07,2024-06-07,Bitcoin,5634,195,3042,73781.24185982272,19709184,19709184,21000000,69413.55492921577,28376549431,1368084526194,1316011338,0.9995,0.9805,1.0268,1.1272,1.0119,2.6121,7,6,June,2024
18:02:27,2024-06-07,Bitcoin,5634,195,3042,73781.24185982272,19709184,19709184,21000000,69410.71146680976,28375012578,1368028483870,1321773511,0.9994,0.9805,1.0267,1.1271,1.0118,2.612,7,6,June,2024
18:02:52,2024-06-07,Bitcoin,5634,195,3042,73781.24185982272,19709184,19709184,21000000,69421.80809408531,28378322453,1368247189339,1324381174,0.9996,0.9806,1.0269,1.1273,1.012,2.6124,7,6,June,2024
18:03:12,2024-06-07,Bitcoin,5634,195,3042,73781.24185982272,19709184,19709184,21000000,69417.6717817507,28375400694,1368165665998,1324665578,0.9995,0.9806,1.0268,1.1272,1.0119,2.6122,7,6,June,2024
18:03:35,2024-06-07,Bitcoin,5634,195,3042,73781.24185982272,19709184,19709184,21000000,69417.95979919164,28373091902,1368171342586,1323172668,0.9995,0.9806,1.0268,1.1272,1.0119,2.6122,7,6,June,2024
