Time,Date,Name,Rank,Age,Exchanges,Markets,Pairs,All_Time_High,Circulating_Supply,Total_Supply,Max_Supply,Code,Rate,Volume,Cap,Delta_Hour_Change,Delta_Day_Change,Delta_Week_Change,Delta_Month_Change,Delta_Quarter_Change,Delta_Year_Change,Hour,Day,Month_Number,Month_Name,Year
15:46:49,2024-07-06,Solana,5,1546,92,1864,1423,259.8360337991446,462879004.0,579526260.0,,SOL,142.7820452451705,2808137409.0,66090810892.0,1.0035,1.055,1.0098,0.8448,0.7967,6.694,15,6,7,July,2024
15:48:44,2024-07-06,Solana,5,1546,92,1864,1423,259.8360337991446,462879004.0,579526260.0,,SOL,142.91590257201221,2811516154.0,66152770638.0,1.0044,1.056,1.0107,0.8456,0.7975,6.7002,15,6,7,July,2024
17:34:00,2024-07-06,Solana,5,1546,92,1870,1426,259.8360337991446,462998448.0,579689743.0,0.0,SOL,143.6848372031169,2847019292.0,66525856626.0,1.0012,1.0665,1.0195,0.8436,0.8017,6.7147,17,6,7,July,2024
17:36:11,2024-07-06,Solana,5,1546,92,1869,1425,259.8360337991446,462998448.0,579689743.0,0.0,SOL,143.84883089129255,2848786697.0,66601785449.0,1.0023,1.0645,1.0209,0.8446,0.8032,6.7183,17,6,7,July,2024
18:09:05,2024-07-06,Solana,5,1546,92,1876,1432,259.8360337991446,462998448.0,579689743.0,0.0,SOL,143.4554732680719,2824311685.0,66419661480.0,0.9986,1.0655,1.0223,0.8438,0.8082,6.7377,18,6,7,July,2024
18:11:18,2024-07-06,Solana,5,1546,92,1877,1433,259.8360337991446,462998448.0,579689743.0,0.0,SOL,143.44744801400762,2824011886.0,66415945800.0,0.9973,1.0658,1.0198,0.842,0.8072,6.7184,18,6,7,July,2024
00:54:02,2024-07-07,Solana,5,1546,92,1878,1433,259.8360337991446,463550701.0,579688433.0,0.0,SOL,139.70059911927,2711972092.0,64758310651.0,0.9834,1.0385,1.0152,0.8135,0.7911,6.4599,0,7,7,July,2024
01:04:08,2024-07-07,Solana,5,1546,92,1879,1434,259.8360337991446,463550701.0,579688433.0,0.0,SOL,139.6732996866391,2715302434.0,64745655980.0,0.9819,1.0425,1.0161,0.8118,0.7916,6.4715,1,7,7,July,2024
01:05:21,2024-07-07,Solana,5,1546,92,1879,1434,259.8360337991446,463550701.0,579688433.0,0.0,SOL,139.57282531502182,2711578411.0,64699081015.0,0.9812,1.0417,1.0154,0.8112,0.7911,6.4669,1,7,7,July,2024
01:05:41,2024-07-07,Solana,5,1546,92,1880,1435,259.8360337991446,463550701.0,579688433.0,0.0,SOL,139.56704437161557,2710736793.0,64696401254.0,0.9812,1.0417,1.0154,0.8112,0.791,6.4666,1,7,7,July,2024
01:06:03,2024-07-07,Solana,5,1546,92,1880,1435,259.8360337991446,463550701.0,579688433.0,0.0,SOL,139.5391478781756,2709956520.0,64683469815.0,0.9828,1.0395,1.0155,0.8111,0.7899,6.4655,1,7,7,July,2024
01:06:27,2024-07-07,Solana,5,1546,92,1880,1435,259.8360337991446,463550701.0,579688433.0,0.0,SOL,139.47204329482764,2711166917.0,64652363439.0,0.9823,1.039,1.015,0.8107,0.7896,6.4624,1,7,7,July,2024
01:06:48,2024-07-07,Solana,5,1546,92,1880,1435,259.8360337991446,463550701.0,579688433.0,0.0,SOL,139.35197969894355,2711923328.0,64596707875.0,0.9815,1.0381,1.0141,0.81,0.7889,6.4568,1,7,7,July,2024
01:07:13,2024-07-07,Solana,5,1546,92,1880,1435,259.8360337991446,463550701.0,579688433.0,0.0,SOL,139.23613646084183,2711602505.0,64543008660.0,0.9806,1.0373,1.0133,0.8094,0.7882,6.4514,1,7,7,July,2024
01:07:34,2024-07-07,Solana,5,1546,92,1880,1435,259.8360337991446,463550701.0,579688433.0,0.0,SOL,139.19957802652885,2710978841.0,64526061973.0,0.9804,1.037,1.013,0.8092,0.788,6.4497,1,7,7,July,2024
01:07:57,2024-07-07,Solana,5,1546,92,1880,1435,259.8360337991446,463550701.0,579688433.0,0.0,SOL,139.18741013493684,2710529564.0,64520421538.0,0.9803,1.0369,1.0129,0.8091,0.788,6.4492,1,7,7,July,2024
01:08:17,2024-07-07,Solana,5,1546,92,1880,1435,259.8360337991446,463550701.0,579688433.0,0.0,SOL,139.17254229420362,2710377056.0,64513529540.0,0.9802,1.0368,1.0128,0.809,0.7879,6.4485,1,7,7,July,2024
01:08:42,2024-07-07,Solana,5,1546,92,1880,1435,259.8360337991446,463550701.0,579688433.0,0.0,SOL,139.1282667718251,2710227145.0,64493005590.0,0.9799,1.0365,1.0125,0.8087,0.7876,6.4464,1,7,7,July,2024
01:09:04,2024-07-07,Solana,5,1546,92,1880,1435,259.8360337991446,463550701.0,579688433.0,0.0,SOL,139.1250304810112,2710037915.0,64491505406.0,0.9799,1.0364,1.0125,0.8087,0.7876,6.4463,1,7,7,July,2024
01:09:28,2024-07-07,Solana,5,1546,92,1880,1435,259.8360337991446,463550701.0,579688433.0,0.0,SOL,139.23842437665087,2713370277.0,64544069225.0,0.9807,1.0373,1.0133,0.8094,0.7882,6.4515,1,7,7,July,2024
01:10:02,2024-07-07,Solana,5,1546,92,1880,1435,259.8360337991446,463550701.0,579688433.0,0.0,SOL,139.26352253655006,2713689695.0,64555703495.0,0.9808,1.0375,1.0135,0.8095,0.7884,6.4527,1,7,7,July,2024
01:11:17,2024-07-07,Solana,5,1546,92,1880,1435,259.8360337991446,463550701.0,579688433.0,0.0,SOL,139.38572276416724,2720866191.0,64612349496.0,0.9842,1.0388,1.0158,0.8111,0.7886,6.5198,1,7,7,July,2024
01:11:42,2024-07-07,Solana,5,1546,92,1880,1435,259.8360337991446,463550701.0,579688433.0,0.0,SOL,139.44366773024942,2726541709.0,64639209926.0,0.9846,1.0393,1.0162,0.8114,0.7889,6.5225,1,7,7,July,2024
01:11:59,2024-07-07,Solana,5,1546,92,1880,1435,259.8360337991446,463550701.0,579688433.0,0.0,SOL,139.45731502761907,2726425789.0,64645536140.0,0.9847,1.0394,1.0163,0.8115,0.789,6.5232,1,7,7,July,2024
01:12:22,2024-07-07,Solana,5,1546,92,1880,1435,259.8360337991446,463550701.0,579688433.0,0.0,SOL,139.51190278362415,2729068079.0,64670840333.0,0.9851,1.0398,1.0167,0.8118,0.7893,6.5257,1,7,7,July,2024
01:12:47,2024-07-07,Solana,5,1546,92,1880,1435,259.8360337991446,463550701.0,579688433.0,0.0,SOL,139.52539452465052,2728938993.0,64677094439.0,0.9852,1.0399,1.0168,0.8119,0.7894,6.5263,1,7,7,July,2024
01:13:14,2024-07-07,Solana,5,1546,92,1880,1435,259.8360337991446,463550701.0,579688433.0,0.0,SOL,139.56977242394257,2731688916.0,64697665845.0,0.9855,1.0402,1.0171,0.8122,0.7896,6.5284,1,7,7,July,2024
01:13:57,2024-07-07,Solana,5,1546,92,1880,1435,259.8360337991446,463550701.0,579688433.0,0.0,SOL,139.5867093463409,2731594776.0,64705516967.0,0.9856,1.0403,1.0173,0.8123,0.7897,6.5292,1,7,7,July,2024
01:14:20,2024-07-07,Solana,5,1546,92,1879,1434,259.8360337991446,463550701.0,579688433.0,0.0,SOL,139.53975647225548,2731340295.0,64683751930.0,0.9853,1.04,1.0169,0.812,0.7895,6.527,1,7,7,July,2024
01:14:41,2024-07-07,Solana,5,1546,92,1879,1434,259.8360337991446,463550701.0,579688433.0,0.0,SOL,139.52686006845306,2730471076.0,64677773793.0,0.9852,1.0399,1.0168,0.8119,0.7894,6.5264,1,7,7,July,2024
01:15:03,2024-07-07,Solana,5,1546,92,1879,1434,259.8360337991446,463550701.0,579688433.0,0.0,SOL,139.50900570229362,2729916891.0,64669497389.0,0.9851,1.0398,1.0167,0.8118,0.7893,6.5256,1,7,7,July,2024
01:16:36,2024-07-07,Solana,5,1546,92,1879,1434,259.8360337991446,463550701.0,579688433.0,0.0,SOL,139.70966126381157,2742829797.0,64762511415.0,0.9873,1.0409,1.0182,0.8132,0.7877,6.5311,1,7,7,July,2024
01:16:57,2024-07-07,Solana,5,1546,92,1879,1434,259.8360337991446,463550701.0,579688433.0,0.0,SOL,139.72567975469266,2743023274.0,64769936797.0,0.9874,1.041,1.0183,0.8132,0.7878,6.5319,1,7,7,July,2024
01:17:21,2024-07-07,Solana,5,1546,92,1879,1434,259.8360337991446,463550701.0,579688433.0,0.0,SOL,139.82711862292012,2747959005.0,64816958856.0,0.9881,1.0418,1.0191,0.8138,0.7884,6.5366,1,7,7,July,2024
01:17:44,2024-07-07,Solana,5,1546,92,1879,1434,259.8360337991446,463550701.0,579688433.0,0.0,SOL,139.8304709614823,2747542167.0,64818512835.0,0.9882,1.0418,1.0191,0.8139,0.7884,6.5368,1,7,7,July,2024
01:18:25,2024-07-07,Solana,5,1546,92,1879,1434,259.8360337991446,463550701.0,579688433.0,0.0,SOL,139.79491836288176,2748663260.0,64802032403.0,0.9879,1.0415,1.0188,0.8136,0.7882,6.5351,1,7,7,July,2024
01:20:01,2024-07-07,Solana,5,1546,92,1879,1434,259.8360337991446,463550701.0,579688433.0,0.0,SOL,139.87835518475285,2748867777.0,64840709600.0,0.9885,1.0422,1.0194,0.8141,0.7886,6.539,1,7,7,July,2024
01:30:06,2024-07-07,Solana,5,1546,92,1879,1434,259.8360337991446,463550701.0,579688433.0,0.0,SOL,139.87835518475285,2748867777.0,64840709600.0,0.9885,1.0422,1.0194,0.8141,0.7886,6.539,1,7,7,July,2024
01:30:39,2024-07-07,Solana,5,1546,92,1878,1433,259.8360337991446,463550701.0,579688433.0,0.0,SOL,140.17036507434705,2753156773.0,64976070989.0,0.9918,1.0397,1.0211,0.8155,0.7911,6.5651,1,7,7,July,2024
01:31:00,2024-07-07,Solana,5,1546,92,1878,1433,259.8360337991446,463550701.0,579688433.0,0.0,SOL,140.17036507434705,2753156773.0,64976070989.0,0.9918,1.0397,1.0211,0.8155,0.7911,6.5651,1,7,7,July,2024
01:31:22,2024-07-07,Solana,5,1546,92,1878,1433,259.8360337991446,463550701.0,579688433.0,0.0,SOL,140.19676650814537,2752897483.0,64988309392.0,0.9918,1.0405,1.0205,0.8154,0.7931,6.5699,1,7,7,July,2024
01:31:56,2024-07-07,Solana,5,1546,92,1878,1433,259.8360337991446,463550701.0,579688433.0,0.0,SOL,140.24470146330188,2753839585.0,65010529674.0,0.9921,1.0409,1.0209,0.8156,0.7934,6.5721,1,7,7,July,2024
01:32:38,2024-07-07,Solana,5,1546,92,1877,1432,259.8360337991446,463550701.0,579688433.0,0.0,SOL,140.32432364201108,2755323529.0,65047438591.0,0.9927,1.0414,1.0214,0.8161,0.7938,6.5758,1,7,7,July,2024
01:44:40,2024-07-07,Solana,5,1546,92,1878,1433,259.8360337991446,463550016.0,579687975.0,0.0,SOL,139.88967928093123,2751380143.0,64845863068.0,0.9968,1.036,1.0166,0.8132,0.7908,6.5626,1,7,7,July,2024
01:44:48,2024-07-07,Solana,5,1546,92,1878,1433,259.8360337991446,463550016.0,579687975.0,0.0,SOL,139.9242619789636,2752338847.0,64861893879.0,0.997,1.0363,1.0168,0.8134,0.791,6.5642,1,7,7,July,2024
01:44:56,2024-07-07,Solana,5,1546,92,1878,1433,259.8360337991446,463550016.0,579687975.0,0.0,SOL,139.92890366721076,2751830923.0,64864045533.0,0.9971,1.0363,1.0169,0.8134,0.791,6.5644,1,7,7,July,2024
01:46:35,2024-07-07,Solana,5,1546,92,1878,1433,259.8360337991446,463550016.0,579687975.0,0.0,SOL,139.7612810541963,2751431387.0,64786344068.0,0.9965,1.0365,1.0168,0.8116,0.79,6.5612,1,7,7,July,2024
01:46:58,2024-07-07,Solana,5,1546,92,1878,1433,259.8360337991446,463550016.0,579687975.0,0.0,SOL,139.75907436413814,2750855394.0,64785321157.0,0.9965,1.0364,1.0168,0.8116,0.79,6.5611,1,7,7,July,2024
01:47:20,2024-07-07,Solana,5,1546,92,1878,1433,259.8360337991446,463550016.0,579687975.0,0.0,SOL,139.78442146236716,2752349088.0,64797070805.0,0.9967,1.0366,1.017,0.8118,0.7901,6.5623,1,7,7,July,2024
01:47:41,2024-07-07,Solana,5,1546,92,1878,1433,259.8360337991446,463550016.0,579687975.0,0.0,SOL,139.79030863387965,2752080269.0,64799799803.0,0.9967,1.0367,1.0171,0.8118,0.7902,6.5625,1,7,7,July,2024
01:48:12,2024-07-07,Solana,5,1546,92,1878,1433,259.8360337991446,463550016.0,579687975.0,0.0,SOL,139.84404605061027,2753147212.0,64824709784.0,0.9971,1.0371,1.0174,0.8121,0.7905,6.5651,1,7,7,July,2024
01:49:52,2024-07-07,Solana,5,1546,92,1878,1433,259.8360337991446,463550016.0,579687975.0,0.0,SOL,139.8805096993348,2752831106.0,64841612509.0,0.9974,1.0373,1.0177,0.8123,0.7907,6.5668,1,7,7,July,2024
01:50:15,2024-07-07,Solana,5,1546,92,1878,1433,259.8360337991446,463550016.0,579687975.0,0.0,SOL,139.94035781169998,2754409822.0,64869355102.0,0.9978,1.0378,1.0181,0.8127,0.791,6.5696,1,7,7,July,2024
01:50:37,2024-07-07,Solana,5,1546,92,1878,1433,259.8360337991446,463550016.0,579687975.0,0.0,SOL,139.94845791617382,2753985579.0,64873109906.0,0.9979,1.0379,1.0182,0.8127,0.7911,6.57,1,7,7,July,2024
01:50:59,2024-07-07,Solana,5,1546,92,1878,1433,259.8360337991446,463550016.0,579687975.0,0.0,SOL,139.9654016223197,2753788803.0,64880964161.0,0.998,1.038,1.0183,0.8128,0.7912,6.5708,1,7,7,July,2024
01:51:22,2024-07-07,Solana,5,1546,92,1878,1433,259.8360337991446,463550016.0,579687975.0,0.0,SOL,140.25729654009714,2763049252.0,65016272055.0,1.0007,1.0385,1.0193,0.8136,0.7916,6.5546,1,7,7,July,2024
01:51:44,2024-07-07,Solana,5,1546,92,1878,1433,259.8360337991446,463550016.0,579687975.0,0.0,SOL,140.27619479366854,2762801863.0,65025032341.0,1.0009,1.0387,1.0195,0.8138,0.7917,6.5555,1,7,7,July,2024
01:52:03,2024-07-07,Solana,5,1546,92,1878,1433,259.8360337991446,463550016.0,579687975.0,0.0,SOL,140.3220504152963,2763875147.0,65046288715.0,1.0012,1.039,1.0198,0.814,0.792,6.5577,1,7,7,July,2024
01:52:32,2024-07-07,Solana,5,1546,92,1878,1433,259.8360337991446,463550016.0,579687975.0,0.0,SOL,140.34282459197027,2764618848.0,65055918585.0,1.0013,1.0391,1.0199,0.8141,0.7921,6.5586,1,7,7,July,2024
01:53:06,2024-07-07,Solana,5,1546,92,1878,1433,259.8360337991446,463550016.0,579687975.0,0.0,SOL,140.3435599710252,2764440732.0,65056259470.0,1.0014,1.0392,1.02,0.8141,0.7921,6.5587,1,7,7,July,2024
01:53:53,2024-07-07,Solana,5,1546,92,1878,1433,259.8360337991446,463550016.0,579687975.0,0.0,SOL,140.44794088329354,2767132108.0,65104645243.0,1.0021,1.0399,1.0207,0.8147,0.7927,6.5635,1,7,7,July,2024
01:55:14,2024-07-07,Solana,5,1546,92,1878,1433,259.8360337991446,463550016.0,579687975.0,0.0,SOL,140.3908052725415,2764600695.0,65078160030.0,1.0017,1.0395,1.0203,0.8144,0.7924,6.5609,1,7,7,July,2024
01:55:48,2024-07-07,Solana,5,1546,92,1877,1432,259.8360337991446,463550016.0,579687975.0,0.0,SOL,140.40067194165476,2764610781.0,65082733724.0,1.0047,1.0396,1.0208,0.8146,0.7918,6.5673,1,7,7,July,2024
01:56:10,2024-07-07,Solana,5,1546,92,1877,1432,259.8360337991446,463550016.0,579687975.0,0.0,SOL,140.3333872232117,2763458865.0,65051543892.0,1.0042,1.0391,1.0203,0.8142,0.7914,6.5641,1,7,7,July,2024
01:56:32,2024-07-07,Solana,5,1546,92,1877,1432,259.8360337991446,463550016.0,579687975.0,0.0,SOL,140.27539597991284,2764331374.0,65024662050.0,1.0038,1.0386,1.0199,0.8138,0.7911,6.5614,1,7,7,July,2024
01:56:55,2024-07-07,Solana,5,1546,92,1877,1432,259.8360337991446,463550016.0,579687975.0,0.0,SOL,140.25273590698188,2763253749.0,65014157973.0,1.0036,1.0385,1.0197,0.8137,0.791,6.5604,1,7,7,July,2024
01:57:19,2024-07-07,Solana,5,1546,92,1877,1432,259.8360337991446,463550016.0,579687975.0,0.0,SOL,140.20110415538176,2762708689.0,64990224074.0,1.0033,1.0381,1.0193,0.8134,0.7907,6.5579,1,7,7,July,2024
01:57:42,2024-07-07,Solana,5,1546,92,1877,1432,259.8360337991446,463550016.0,579687975.0,0.0,SOL,140.19142807859546,2762161279.0,64985738728.0,1.0032,1.038,1.0193,0.8133,0.7906,6.5575,1,7,7,July,2024
01:58:07,2024-07-07,Solana,5,1546,92,1877,1432,259.8360337991446,463550016.0,579687975.0,0.0,SOL,140.18311792116458,2761487336.0,64981886555.0,1.0031,1.0379,1.0192,0.8133,0.7906,6.5571,1,7,7,July,2024
01:58:26,2024-07-07,Solana,5,1546,92,1877,1432,259.8360337991446,463550016.0,579687975.0,0.0,SOL,140.16114660387643,2760357049.0,64971701750.0,1.003,1.0378,1.019,0.8132,0.7904,6.5561,1,7,7,July,2024
01:58:47,2024-07-07,Solana,5,1546,92,1877,1432,259.8360337991446,463550016.0,579687975.0,0.0,SOL,140.16391957133683,2760010873.0,64972987159.0,1.003,1.0378,1.0191,0.8132,0.7905,6.5562,1,7,7,July,2024
01:59:08,2024-07-07,Solana,5,1546,92,1877,1432,259.8360337991446,463550016.0,579687975.0,0.0,SOL,140.16452748072052,2759775200.0,64973268956.0,1.003,1.0378,1.0191,0.8132,0.7905,6.5562,1,7,7,July,2024
01:59:28,2024-07-07,Solana,5,1546,92,1877,1432,259.8360337991446,463550016.0,579687975.0,0.0,SOL,140.18470449711407,2759514814.0,64982622012.0,1.0032,1.038,1.0192,0.8133,0.7906,6.5572,1,7,7,July,2024
02:00:00,2024-07-07,Solana,5,1546,92,1877,1432,259.8360337991446,463550016.0,579687975.0,0.0,SOL,140.18659213748137,2758939031.0,64983497028.0,1.0032,1.038,1.0192,0.8133,0.7906,6.5573,2,7,7,July,2024
02:00:25,2024-07-07,Solana,5,1546,92,1877,1432,259.8360337991446,463550016.0,579687975.0,0.0,SOL,140.2637966965338,2761004938.0,65019285202.0,1.0037,1.0385,1.0198,0.8138,0.791,6.5609,2,7,7,July,2024
02:00:50,2024-07-07,Solana,5,1546,92,1877,1432,259.8360337991446,463550016.0,579687975.0,0.0,SOL,140.26798999282997,2760391390.0,65021229005.0,1.0036,1.0409,1.0201,0.8145,0.7908,6.558,2,7,7,July,2024
02:01:12,2024-07-07,Solana,5,1546,92,1877,1432,259.8360337991446,463550016.0,579687975.0,0.0,SOL,140.27136389307682,2760508669.0,65022792976.0,1.0036,1.0409,1.0201,0.8145,0.7908,6.5582,2,7,7,July,2024
11:27:50,2024-07-07,Solana,5,1547,91,1885,1436,259.8360337991446,463547240.0,579686236.0,0.0,SOL,138.07271104412186,2487922680.0,64003224123.0,1.014,0.9858,0.9688,0.8075,0.7623,6.4011,11,7,7,July,2024
11:28:09,2024-07-07,Solana,5,1547,91,1885,1436,259.8360337991446,463547240.0,579686236.0,0.0,SOL,138.08230833912256,2487755075.0,64007672923.0,1.0141,0.9859,0.9689,0.8075,0.7624,6.4015,11,7,7,July,2024
11:28:36,2024-07-07,Solana,5,1547,91,1885,1436,259.8360337991446,463547240.0,579686236.0,0.0,SOL,138.07991709592798,2488160551.0,64006564469.0,1.014,0.9859,0.9688,0.8075,0.7624,6.4014,11,7,7,July,2024
11:28:59,2024-07-07,Solana,5,1547,91,1885,1436,259.8360337991446,463547240.0,579686236.0,0.0,SOL,138.0664041320385,2487239486.0,64000300572.0,1.0139,0.9858,0.9687,0.8074,0.7623,6.4008,11,7,7,July,2024
11:30:32,2024-07-07,Solana,5,1547,91,1885,1436,259.8360337991446,463547240.0,579686236.0,0.0,SOL,138.08452662029248,2484777864.0,64008701201.0,1.0141,0.9859,0.9689,0.8075,0.7624,6.4016,11,7,7,July,2024
11:30:57,2024-07-07,Solana,5,1547,91,1885,1436,259.8360337991446,463547240.0,579686236.0,0.0,SOL,138.06605721332156,2483770258.0,64000139758.0,1.0139,0.9858,0.9687,0.8074,0.7623,6.4008,11,7,7,July,2024
11:31:17,2024-07-07,Solana,5,1547,91,1885,1436,259.8360337991446,463547240.0,579686236.0,0.0,SOL,138.0459723768568,2482752565.0,63990829488.0,1.0106,0.9834,0.9696,0.809,0.7648,6.4004,11,7,7,July,2024
11:31:40,2024-07-07,Solana,5,1547,91,1886,1437,259.8360337991446,463547240.0,579686236.0,0.0,SOL,137.9607437176596,2477501970.0,63951321978.0,1.01,0.9828,0.969,0.8085,0.7644,6.3964,11,7,7,July,2024
11:32:02,2024-07-07,Solana,5,1547,91,1886,1437,259.8360337991446,463547240.0,579686236.0,0.0,SOL,137.90801779126474,2475305203.0,63926881021.0,1.0096,0.9824,0.9686,0.8081,0.7641,6.394,11,7,7,July,2024
11:32:25,2024-07-07,Solana,5,1547,91,1886,1437,259.8360337991446,463547240.0,579686236.0,0.0,SOL,137.79975018381907,2471828846.0,63876693870.0,1.0088,0.9817,0.9679,0.8075,0.7635,6.389,11,7,7,July,2024
11:32:48,2024-07-07,Solana,5,1547,91,1886,1437,259.8360337991446,463547240.0,579686236.0,0.0,SOL,137.7821074204905,2471009662.0,63868515616.0,1.0087,0.9816,0.9678,0.8074,0.7634,6.3881,11,7,7,July,2024
11:33:08,2024-07-07,Solana,5,1547,91,1886,1437,259.8360337991446,463547240.0,579686236.0,0.0,SOL,137.7634743029406,2469974301.0,63859878285.0,1.0085,0.9814,0.9676,0.8073,0.7633,6.3873,11,7,7,July,2024
11:33:32,2024-07-07,Solana,5,1547,91,1885,1436,259.8360337991446,463547240.0,579686236.0,0.0,SOL,137.7573524235747,2468731309.0,63857040505.0,1.0085,0.9814,0.9676,0.8073,0.7632,6.387,11,7,7,July,2024
11:33:52,2024-07-07,Solana,5,1547,91,1885,1436,259.8360337991446,463547240.0,579686236.0,0.0,SOL,137.75575144952955,2468191995.0,63856298378.0,1.0085,0.9814,0.9676,0.8073,0.7632,6.3869,11,7,7,July,2024
11:34:12,2024-07-07,Solana,5,1547,91,1885,1436,259.8360337991446,463547240.0,579686236.0,0.0,SOL,137.76009780222515,2467750849.0,63858313118.0,1.0085,0.9814,0.9676,0.8073,0.7633,6.3871,11,7,7,July,2024
11:34:39,2024-07-07,Solana,5,1547,91,1885,1436,259.8360337991446,463547240.0,579686236.0,0.0,SOL,137.78002956220357,2467211864.0,63867552430.0,1.0087,0.9815,0.9678,0.8074,0.7634,6.388,11,7,7,July,2024
11:35:00,2024-07-07,Solana,5,1547,91,1886,1437,259.8360337991446,463547240.0,579686236.0,0.0,SOL,137.760767360039,2466239464.0,63858623490.0,1.0085,0.9814,0.9676,0.8073,0.7633,6.3871,11,7,7,July,2024
11:35:21,2024-07-07,Solana,5,1547,91,1886,1437,259.8360337991446,463547240.0,579686236.0,0.0,SOL,137.72532908418745,2465071553.0,63842196175.0,1.0059,0.9763,0.9652,0.8082,0.7618,6.3765,11,7,7,July,2024
11:35:43,2024-07-07,Solana,5,1547,91,1886,1437,259.8360337991446,463547240.0,579686236.0,0.0,SOL,137.6444266753432,2462982262.0,63804694086.0,1.0053,0.9757,0.9647,0.8077,0.7614,6.3728,11,7,7,July,2024
11:36:05,2024-07-07,Solana,5,1547,91,1886,1437,259.8360337991446,463547240.0,579686236.0,0.0,SOL,137.63508755334848,2462216081.0,63800364962.0,1.0053,0.9757,0.9646,0.8076,0.7613,6.3723,11,7,7,July,2024
11:36:25,2024-07-07,Solana,5,1547,91,1886,1437,259.8360337991446,463547240.0,579686236.0,0.0,SOL,137.61595269095838,2461910347.0,63791495049.0,1.0051,0.9755,0.9645,0.8075,0.7612,6.3715,11,7,7,July,2024
11:36:48,2024-07-07,Solana,5,1547,91,1885,1436,259.8360337991446,463547240.0,579686236.0,0.0,SOL,137.4622180044689,2456030074.0,63720231760.0,1.004,0.9744,0.9634,0.8066,0.7604,6.3643,11,7,7,July,2024
11:37:10,2024-07-07,Solana,5,1547,91,1885,1436,259.8360337991446,463547240.0,579686236.0,0.0,SOL,137.44038760535005,2455120268.0,63710112338.0,1.0038,0.9743,0.9632,0.8065,0.7603,6.3633,11,7,7,July,2024
11:37:36,2024-07-07,Solana,5,1547,91,1885,1436,259.8360337991446,463547240.0,579686236.0,0.0,SOL,137.4232958249729,2455118937.0,63702189491.0,1.0037,0.9742,0.9631,0.8064,0.7602,6.3625,11,7,7,July,2024
11:37:59,2024-07-07,Solana,5,1547,91,1885,1436,259.8360337991446,463547240.0,579686236.0,0.0,SOL,137.43607644785308,2454957420.0,63708113913.0,1.0038,0.9743,0.9632,0.8065,0.7602,6.3631,11,7,7,July,2024
11:38:26,2024-07-07,Solana,5,1547,91,1885,1436,259.8360337991446,463547240.0,579686236.0,0.0,SOL,137.4389805474978,2454541145.0,63709460101.0,1.0038,0.9743,0.9632,0.8065,0.7603,6.3633,11,7,7,July,2024
11:39:14,2024-07-07,Solana,5,1547,91,1885,1436,259.8360337991446,463547240.0,579686236.0,0.0,SOL,137.42247158695704,2452960061.0,63701807418.0,1.0037,0.9742,0.9631,0.8064,0.7602,6.3625,11,7,7,July,2024
11:40:24,2024-07-07,Solana,5,1547,91,1885,1436,259.8360337991446,463547240.0,579686236.0,0.0,SOL,137.45739417878855,2452709379.0,63717995689.0,1.004,0.9744,0.9634,0.8066,0.7604,6.3641,11,7,7,July,2024
11:40:47,2024-07-07,Solana,5,1547,91,1885,1436,259.8360337991446,463547240.0,579686236.0,0.0,SOL,137.42350550075633,2451483764.0,63702286686.0,1.0044,0.9743,0.9624,0.8079,0.7586,6.3748,11,7,7,July,2024
11:41:09,2024-07-07,Solana,5,1547,91,1885,1436,259.8360337991446,463547240.0,579686236.0,0.0,SOL,137.43594724225187,2451150330.0,63708054020.0,1.0044,0.9744,0.9625,0.8079,0.7586,6.3753,11,7,7,July,2024
11:41:31,2024-07-07,Solana,5,1547,91,1885,1436,259.8360337991446,463547240.0,579686236.0,0.0,SOL,137.51436218554895,2452264613.0,63744403051.0,1.005,0.975,0.9631,0.8084,0.7591,6.379,11,7,7,July,2024
11:41:51,2024-07-07,Solana,5,1547,91,1885,1436,259.8360337991446,463547240.0,579686236.0,0.0,SOL,137.55806309619427,2451077972.0,63764660487.0,1.0053,0.9753,0.9634,0.8086,0.7593,6.381,11,7,7,July,2024
11:42:14,2024-07-07,Solana,5,1547,91,1885,1436,259.8360337991446,463547240.0,579686236.0,0.0,SOL,137.55834432656923,2450260681.0,63764790851.0,1.0053,0.9753,0.9634,0.8086,0.7593,6.381,11,7,7,July,2024
11:42:38,2024-07-07,Solana,5,1547,91,1885,1436,259.8360337991446,463547240.0,579686236.0,0.0,SOL,137.56525911820844,2450590629.0,63767996184.0,1.0054,0.9754,0.9634,0.8087,0.7593,6.3813,11,7,7,July,2024
11:43:23,2024-07-07,Solana,5,1547,91,1886,1436,259.8360337991446,463547240.0,579686236.0,0.0,SOL,137.57964736636532,2450257544.0,63774665816.0,1.0055,0.9755,0.9635,0.8088,0.7594,6.382,11,7,7,July,2024
11:44:30,2024-07-07,Solana,5,1547,91,1885,1435,259.8360337991446,463547240.0,579686236.0,0.0,SOL,137.56078932737745,2456156158.0,63765924224.0,1.0054,0.9753,0.9634,0.8087,0.7593,6.3811,11,7,7,July,2024
11:44:52,2024-07-07,Solana,5,1547,91,1885,1435,259.8360337991446,463547240.0,579686236.0,0.0,SOL,137.53269824313745,2455065139.0,63752902680.0,1.0051,0.9751,0.9632,0.8085,0.7592,6.3798,11,7,7,July,2024
11:45:14,2024-07-07,Solana,5,1547,91,1885,1435,259.8360337991446,463547240.0,579686236.0,0.0,SOL,137.5103164607421,2454367494.0,63742527666.0,1.005,0.975,0.9631,0.8084,0.759,6.3788,11,7,7,July,2024
11:45:35,2024-07-07,Solana,5,1547,91,1885,1435,259.8360337991446,463547240.0,579686236.0,0.0,SOL,137.4199944215318,2452398381.0,63700659134.0,1.0043,0.9743,0.9624,0.8078,0.7585,6.3746,11,7,7,July,2024
11:45:57,2024-07-07,Solana,5,1547,91,1885,1435,259.8360337991446,463547240.0,579686236.0,0.0,SOL,137.34267187718424,2450486663.0,63664816482.0,1.0038,0.9738,0.9619,0.8074,0.7581,6.371,11,7,7,July,2024
11:46:19,2024-07-07,Solana,5,1547,91,1885,1435,259.8360337991446,463547240.0,579686236.0,0.0,SOL,137.26786254377507,2447826247.0,63630138822.0,1.0035,0.9724,0.9592,0.8072,0.7565,6.3731,11,7,7,July,2024
11:46:40,2024-07-07,Solana,5,1547,91,1885,1435,259.8360337991446,463547240.0,579686236.0,0.0,SOL,137.03603833339716,2434358837.0,63522677349.0,1.0018,0.9708,0.9575,0.8058,0.7553,6.3624,11,7,7,July,2024
11:47:02,2024-07-07,Solana,5,1547,91,1885,1435,259.8360337991446,463547240.0,579686236.0,0.0,SOL,136.98897902881316,2431304765.0,63500863139.0,1.0015,0.9704,0.9572,0.8055,0.755,6.3602,11,7,7,July,2024
11:47:25,2024-07-07,Solana,5,1547,91,1885,1435,259.8360337991446,463547240.0,579686236.0,0.0,SOL,136.954830439807,2430931805.0,63485033655.0,1.0012,0.9702,0.957,0.8053,0.7548,6.3586,11,7,7,July,2024
11:47:47,2024-07-07,Solana,5,1547,91,1885,1435,259.8360337991446,463547240.0,579686236.0,0.0,SOL,136.96013480917037,2429848356.0,63487492480.0,1.0013,0.9702,0.957,0.8054,0.7548,6.3588,11,7,7,July,2024
11:48:24,2024-07-07,Solana,5,1547,91,1885,1435,259.8360337991446,463547240.0,579686236.0,0.0,SOL,136.99068127080196,2429977272.0,63501652208.0,1.0015,0.9705,0.9572,0.8055,0.755,6.3603,11,7,7,July,2024
11:48:49,2024-07-07,Solana,5,1547,91,1884,1434,259.8360337991446,463547240.0,579686236.0,0.0,SOL,137.0539480488161,2430069502.0,63530979349.0,1.0019,0.9709,0.9577,0.8059,0.7554,6.3632,11,7,7,July,2024
11:49:09,2024-07-07,Solana,5,1547,91,1884,1434,259.8360337991446,463547240.0,579686236.0,0.0,SOL,137.0574924086138,2429786011.0,63532622327.0,1.002,0.9709,0.9577,0.8059,0.7554,6.3634,11,7,7,July,2024
11:49:44,2024-07-07,Solana,5,1547,91,1884,1434,259.8360337991446,463547240.0,579686236.0,0.0,SOL,136.95977990102745,2427344950.0,63487327964.0,1.0013,0.9702,0.957,0.8054,0.7548,6.3588,11,7,7,July,2024
11:50:22,2024-07-07,Solana,5,1547,91,1884,1434,259.8360337991446,463547240.0,579686236.0,0.0,SOL,136.93479246376484,2426313382.0,63475745106.0,1.0011,0.9701,0.9568,0.8052,0.7547,6.3577,11,7,7,July,2024
11:51:42,2024-07-07,Solana,5,1547,91,1884,1434,259.8360337991446,463547240.0,579686236.0,0.0,SOL,136.77738464800862,2419691597.0,63402779148.0,1.0,0.9644,0.9538,0.8027,0.7521,6.368,11,7,7,July,2024
11:52:04,2024-07-07,Solana,5,1547,91,1884,1434,259.8360337991446,463547240.0,579686236.0,0.0,SOL,136.75199145359014,2418307124.0,63391008202.0,0.9998,0.9642,0.9536,0.8025,0.752,6.3668,11,7,7,July,2024
11:52:39,2024-07-07,Solana,5,1547,91,1884,1434,259.8360337991446,463547240.0,579686236.0,0.0,SOL,136.7960347205104,2419201470.0,63411424337.0,1.0001,0.9645,0.9539,0.8028,0.7522,6.3689,11,7,7,July,2024
11:53:19,2024-07-07,Solana,5,1547,91,1884,1434,259.8360337991446,463547240.0,579686236.0,0.0,SOL,136.84790306826383,2419038221.0,63435467767.0,1.0005,0.9649,0.9543,0.8031,0.7525,6.3713,11,7,7,July,2024
11:54:26,2024-07-07,Solana,5,1547,91,1884,1434,259.8360337991446,463547240.0,579686236.0,0.0,SOL,136.97239935586043,2419421211.0,63493177677.0,1.0014,0.9657,0.9551,0.8038,0.7532,6.3771,11,7,7,July,2024
11:54:49,2024-07-07,Solana,5,1547,91,1884,1434,259.8360337991446,463547240.0,579686236.0,0.0,SOL,136.9876047211411,2419121903.0,63500226082.0,1.0015,0.9658,0.9552,0.8039,0.7533,6.3778,11,7,7,July,2024
11:55:13,2024-07-07,Solana,5,1547,91,1884,1434,259.8360337991446,463547240.0,579686236.0,0.0,SOL,137.00600289297515,2418969509.0,63508754504.0,1.0016,0.966,0.9554,0.804,0.7534,6.3787,11,7,7,July,2024
11:55:38,2024-07-07,Solana,5,1547,91,1884,1434,259.8360337991446,463547240.0,579686236.0,0.0,SOL,137.02373392724928,2418959866.0,63516973676.0,1.0016,0.966,0.954,0.8038,0.7553,6.3802,11,7,7,July,2024
11:56:01,2024-07-07,Solana,5,1547,91,1884,1434,259.8360337991446,463547240.0,579686236.0,0.0,SOL,137.04031736403937,2418557604.0,63524660882.0,1.0017,0.9661,0.9541,0.8039,0.7554,6.381,11,7,7,July,2024
11:56:22,2024-07-07,Solana,5,1547,91,1884,1434,259.8360337991446,463547240.0,579686236.0,0.0,SOL,137.10150018271904,2419330830.0,63553022009.0,1.0022,0.9666,0.9545,0.8042,0.7558,6.3838,11,7,7,July,2024
11:56:43,2024-07-07,Solana,5,1547,91,1884,1434,259.8360337991446,463547240.0,579686236.0,0.0,SOL,137.10150018271904,2419330830.0,63553022009.0,1.0022,0.9666,0.9545,0.8042,0.7558,6.3838,11,7,7,July,2024
11:57:03,2024-07-07,Solana,5,1547,91,1884,1434,259.8360337991446,463547240.0,579686236.0,0.0,SOL,137.36535448084175,2422983533.0,63675330941.0,1.0041,0.9684,0.9563,0.8058,0.7572,6.3961,11,7,7,July,2024
11:57:32,2024-07-07,Solana,5,1547,91,1884,1434,259.8360337991446,463547240.0,579686236.0,0.0,SOL,137.44404009662387,2423007973.0,63711805441.0,1.0047,0.969,0.9569,0.8062,0.7577,6.3998,11,7,7,July,2024
11:57:59,2024-07-07,Solana,5,1547,91,1884,1434,259.8360337991446,463547240.0,579686236.0,0.0,SOL,137.45048632359044,2422386028.0,63714793571.0,1.0047,0.969,0.9569,0.8063,0.7577,6.4001,11,7,7,July,2024
11:58:25,2024-07-07,Solana,5,1547,91,1884,1434,259.8360337991446,463547240.0,579686236.0,0.0,SOL,137.36330277164402,2420563402.0,63674379877.0,1.0041,0.9684,0.9563,0.8058,0.7572,6.396,11,7,7,July,2024
11:58:49,2024-07-07,Solana,5,1547,91,1884,1434,259.8360337991446,463547240.0,579686236.0,0.0,SOL,137.33767277511006,2419679437.0,63662499162.0,1.0039,0.9682,0.9561,0.8056,0.7571,6.3948,11,7,7,July,2024
11:59:13,2024-07-07,Solana,5,1547,91,1884,1434,259.8360337991446,463547240.0,579686236.0,0.0,SOL,137.3139824382909,2418828154.0,63651517572.0,1.0037,0.9681,0.956,0.8055,0.7569,6.3937,11,7,7,July,2024
12:00:53,2024-07-07,Solana,5,1547,91,1884,1434,259.8360337991446,463547240.0,579686236.0,0.0,SOL,137.30422621859975,2416313564.0,63646995103.0,1.0017,0.9683,0.9571,0.805,0.7567,6.3909,12,7,7,July,2024
12:01:23,2024-07-07,Solana,5,1547,91,1884,1434,259.8360337991446,463547240.0,579686236.0,0.0,SOL,137.3014879007187,2415286722.0,63645725764.0,1.0017,0.9683,0.9571,0.8049,0.7567,6.3908,12,7,7,July,2024
12:01:59,2024-07-07,Solana,5,1547,91,1884,1434,259.8360337991446,463547240.0,579686236.0,0.0,SOL,137.2977092511928,2415722214.0,63643974181.0,1.0017,0.9682,0.9571,0.8049,0.7567,6.3906,12,7,7,July,2024
12:10:27,2024-07-07,Solana,5,1547,91,1884,1434,259.8360337991446,463547240.0,579686236.0,0.0,SOL,137.49721072135497,2408107228.0,63736452537.0,0.9973,0.972,0.9593,0.8078,0.7569,6.3869,12,7,7,July,2024
12:11:30,2024-07-07,Solana,5,1547,91,1884,1434,259.8360337991446,463547240.0,579686236.0,0.0,SOL,137.5092428658381,2407458389.0,63742030004.0,0.9974,0.972,0.9594,0.8078,0.7569,6.3875,12,7,7,July,2024
12:13:17,2024-07-07,Solana,5,1547,91,1884,1434,259.8360337991446,463547240.0,579686236.0,0.0,SOL,137.931519122946,2416893634.0,63937774998.0,1.0004,0.975,0.9623,0.8103,0.7592,6.4071,12,7,7,July,2024
12:13:43,2024-07-07,Solana,5,1547,91,1884,1434,259.8360337991446,463547240.0,579686236.0,0.0,SOL,137.92661037902872,2416656358.0,63935499563.0,1.0004,0.975,0.9623,0.8103,0.7592,6.4068,12,7,7,July,2024
12:14:05,2024-07-07,Solana,5,1547,91,1884,1434,259.8360337991446,463547240.0,579686236.0,0.0,SOL,137.88367965531452,2414770540.0,63915599145.0,1.0001,0.9747,0.962,0.81,0.759,6.4048,12,7,7,July,2024
12:15:49,2024-07-07,Solana,5,1547,91,1884,1434,259.8360337991446,463547240.0,579686236.0,0.0,SOL,137.8396080091027,2412094432.0,63895169855.0,1.0011,0.9739,0.9631,0.8092,0.7587,6.3896,12,7,7,July,2024
12:18:17,2024-07-07,Solana,5,1547,91,1882,1432,259.8360337991446,463547240.0,579686236.0,0.0,SOL,137.81171021781637,2411480795.0,63882237911.0,1.0009,0.9737,0.9629,0.809,0.7585,6.3883,12,7,7,July,2024
12:18:44,2024-07-07,Solana,5,1547,91,1882,1432,259.8360337991446,463547240.0,579686236.0,0.0,SOL,137.91148152221933,2413063397.0,63928486623.0,1.0016,0.9744,0.9636,0.8096,0.7591,6.393,12,7,7,July,2024
12:31:50,2024-07-07,Solana,5,1547,91,1883,1433,259.8360337991446,463547240.0,579686236.0,0.0,SOL,138.10404531292104,2400946522.0,64017749037.0,1.0,0.9661,0.9672,0.8095,0.7609,6.3279,12,7,7,July,2024
12:49:27,2024-07-07,Solana,5,1547,91,1886,1436,259.8360337991446,463547240.0,579686236.0,0.0,SOL,138.7318421141564,2393358509.0,64308762512.0,1.0088,0.9687,0.9697,0.8146,0.7651,6.3494,12,7,7,July,2024
12:53:28,2024-07-07,Solana,5,1547,91,1885,1435,259.8360337991446,463547240.0,579686236.0,0.0,SOL,138.37124525231513,2382127142.0,64141608832.0,1.0104,0.9662,0.9664,0.8148,0.7642,6.3161,12,7,7,July,2024
12:54:51,2024-07-07,Solana,5,1547,91,1884,1434,259.8360337991446,463547240.0,579686236.0,0.0,SOL,138.3857722997714,2379583983.0,64148342804.0,1.0105,0.9663,0.9665,0.8149,0.7643,6.3168,12,7,7,July,2024
12:56:19,2024-07-07,Solana,5,1547,91,1884,1434,259.8360337991446,463547240.0,579686236.0,0.0,SOL,138.33518792308442,2377169033.0,64124894556.0,1.0097,0.9683,0.9674,0.8149,0.764,6.3274,12,7,7,July,2024
12:56:41,2024-07-07,Solana,5,1547,91,1884,1434,259.8360337991446,463547240.0,579686236.0,0.0,SOL,138.346566868056,2376843458.0,64130169235.0,1.0098,0.9684,0.9675,0.815,0.7641,6.3279,12,7,7,July,2024
12:57:05,2024-07-07,Solana,5,1547,91,1884,1434,259.8360337991446,463547240.0,579686236.0,0.0,SOL,138.3810325761957,2377091856.0,64146145719.0,1.01,0.9686,0.9677,0.8152,0.7643,6.3295,12,7,7,July,2024
12:57:27,2024-07-07,Solana,5,1547,91,1884,1434,259.8360337991446,463547240.0,579686236.0,0.0,SOL,138.39351838824666,2376603177.0,64151933482.0,1.0101,0.9687,0.9678,0.8152,0.7643,6.33,12,7,7,July,2024
12:57:50,2024-07-07,Solana,5,1547,91,1884,1434,259.8360337991446,463547240.0,579686236.0,0.0,SOL,138.42611760125956,2375742917.0,64167044757.0,1.0104,0.9689,0.968,0.8154,0.7645,6.3315,12,7,7,July,2024
12:58:11,2024-07-07,Solana,5,1547,91,1884,1434,259.8360337991446,463547240.0,579686236.0,0.0,SOL,138.43112711386158,2375555448.0,64169366903.0,1.0104,0.9689,0.9681,0.8155,0.7645,6.3318,12,7,7,July,2024
12:58:32,2024-07-07,Solana,5,1547,91,1884,1434,259.8360337991446,463547240.0,579686236.0,0.0,SOL,138.49714590548834,2375726068.0,64199969732.0,1.0109,0.9694,0.9685,0.8159,0.7649,6.3348,12,7,7,July,2024
12:58:52,2024-07-07,Solana,5,1547,91,1884,1434,259.8360337991446,463547240.0,579686236.0,0.0,SOL,138.5036209955122,2375498301.0,64202971242.0,1.0109,0.9695,0.9686,0.8159,0.7649,6.3351,12,7,7,July,2024
12:59:39,2024-07-07,Solana,5,1547,91,1884,1434,259.8360337991446,463547240.0,579686236.0,0.0,SOL,138.43481184875816,2373202141.0,64171074952.0,1.0104,0.969,0.9681,0.8155,0.7646,6.3319,12,7,7,July,2024
12:59:59,2024-07-07,Solana,5,1547,91,1884,1434,259.8360337991446,463547240.0,579686236.0,0.0,SOL,138.41731741929107,2372242260.0,64162965457.0,1.0103,0.9689,0.968,0.8154,0.7645,6.3311,12,7,7,July,2024
13:00:24,2024-07-07,Solana,5,1547,91,1884,1434,259.8360337991446,463547240.0,579686236.0,0.0,SOL,138.41351215144277,2371665949.0,64161201536.0,1.0103,0.9688,0.968,0.8154,0.7644,6.3309,13,7,7,July,2024
13:00:46,2024-07-07,Solana,5,1547,91,1884,1434,259.8360337991446,463547240.0,579686236.0,0.0,SOL,138.4843038268404,2372403328.0,64194016822.0,1.0084,0.9707,0.9679,0.8182,0.7652,6.3494,13,7,7,July,2024
13:01:09,2024-07-07,Solana,5,1547,91,1884,1434,259.8360337991446,463547240.0,579686236.0,0.0,SOL,138.49468809337858,2371843823.0,64198830420.0,1.0085,0.9707,0.968,0.8183,0.7653,6.3499,13,7,7,July,2024
13:01:30,2024-07-07,Solana,5,1547,91,1884,1434,259.8360337991446,463547240.0,579686236.0,0.0,SOL,138.5092602463715,2366198908.0,64205585301.0,1.0086,0.9708,0.9681,0.8184,0.7653,6.3506,13,7,7,July,2024
13:01:53,2024-07-07,Solana,5,1547,91,1884,1434,259.8360337991446,463547240.0,579686236.0,0.0,SOL,138.5083368309959,2364700095.0,64205157254.0,1.0086,0.9708,0.9681,0.8184,0.7653,6.3505,13,7,7,July,2024
13:02:13,2024-07-07,Solana,5,1547,91,1884,1434,259.8360337991446,463547240.0,579686236.0,0.0,SOL,138.50982877633913,2364402273.0,64205848842.0,1.0086,0.9708,0.9681,0.8184,0.7653,6.3506,13,7,7,July,2024
13:02:38,2024-07-07,Solana,5,1547,91,1882,1432,259.8360337991446,463547240.0,579686236.0,0.0,SOL,138.53824038509572,2364451763.0,64219018964.0,1.0088,0.971,0.9683,0.8185,0.7655,6.3519,13,7,7,July,2024
13:03:02,2024-07-07,Solana,5,1547,91,1882,1432,259.8360337991446,463547240.0,579686236.0,0.0,SOL,138.55367074410827,2364124367.0,64226171665.0,1.0089,0.9711,0.9684,0.8186,0.7656,6.3526,13,7,7,July,2024
13:03:25,2024-07-07,Solana,5,1547,91,1882,1432,259.8360337991446,463547240.0,579686236.0,0.0,SOL,138.55887662265872,2363731051.0,64228584835.0,1.009,0.9712,0.9684,0.8187,0.7656,6.3529,13,7,7,July,2024
13:03:51,2024-07-07,Solana,5,1547,91,1882,1432,259.8360337991446,463547240.0,579686236.0,0.0,SOL,138.54406352940484,2362846712.0,64221718267.0,1.0089,0.9711,0.9683,0.8186,0.7655,6.3522,13,7,7,July,2024
13:04:11,2024-07-07,Solana,5,1547,91,1882,1432,259.8360337991446,463547240.0,579686236.0,0.0,SOL,138.54552195790737,2362261064.0,64222394317.0,1.0089,0.9711,0.9683,0.8186,0.7655,6.3523,13,7,7,July,2024
13:04:36,2024-07-07,Solana,5,1547,91,1882,1432,259.8360337991446,463547240.0,579686236.0,0.0,SOL,138.59572837318512,2363113208.0,64245667363.0,1.0092,0.9714,0.9687,0.8189,0.7658,6.3546,13,7,7,July,2024
13:04:59,2024-07-07,Solana,5,1547,91,1882,1432,259.8360337991446,463547240.0,579686236.0,0.0,SOL,138.63219948325658,2363174112.0,64262573445.0,1.0095,0.9717,0.9689,0.8191,0.766,6.3562,13,7,7,July,2024
13:05:26,2024-07-07,Solana,5,1547,91,1882,1432,259.8360337991446,463547240.0,579686236.0,0.0,SOL,138.66342380443845,2363214266.0,64277047393.0,1.0097,0.9719,0.9691,0.8193,0.7662,6.3577,13,7,7,July,2024
13:05:48,2024-07-07,Solana,5,1547,91,1883,1433,259.8360337991446,463547240.0,579686236.0,0.0,SOL,138.76703500570756,2364799296.0,64325076079.0,1.0105,0.9726,0.9699,0.8199,0.7668,6.3624,13,7,7,July,2024
13:06:10,2024-07-07,Solana,5,1547,91,1883,1433,259.8360337991446,463547240.0,579686236.0,0.0,SOL,138.78973257502724,2364679615.0,64335597475.0,1.0112,0.9732,0.969,0.823,0.768,6.3637,13,7,7,July,2024
13:06:31,2024-07-07,Solana,5,1547,91,1883,1433,259.8360337991446,463547240.0,579686236.0,0.0,SOL,138.95392719758107,2368337520.0,64411709439.0,1.0124,0.9744,0.9701,0.824,0.7689,6.3712,13,7,7,July,2024
13:06:51,2024-07-07,Solana,5,1547,91,1882,1432,259.8360337991446,463547240.0,579686236.0,0.0,SOL,138.96183308125765,2368568630.0,64415374190.0,1.0124,0.9745,0.9702,0.824,0.769,6.3715,13,7,7,July,2024
13:07:12,2024-07-07,Solana,5,1547,91,1882,1432,259.8360337991446,463547240.0,579686236.0,0.0,SOL,138.9585082425939,2367997105.0,64413832970.0,1.0124,0.9744,0.9702,0.824,0.769,6.3714,13,7,7,July,2024
13:07:41,2024-07-07,Solana,5,1547,91,1882,1432,259.8360337991446,463547240.0,579686236.0,0.0,SOL,138.9149637929033,2366973702.0,64393648060.0,1.0121,0.9741,0.9699,0.8237,0.7687,6.3694,13,7,7,July,2024
13:08:14,2024-07-07,Solana,5,1547,91,1882,1432,259.8360337991446,463547240.0,579686236.0,0.0,SOL,138.89693569928335,2366309356.0,64385291187.0,1.012,0.974,0.9697,0.8236,0.7686,6.3686,13,7,7,July,2024
13:08:44,2024-07-07,Solana,5,1547,91,1882,1432,259.8360337991446,463547240.0,579686236.0,0.0,SOL,138.91957644066392,2366208657.0,64395786241.0,1.0121,0.9742,0.9699,0.8238,0.7688,6.3696,13,7,7,July,2024
13:09:08,2024-07-07,Solana,5,1547,91,1882,1432,259.8360337991446,463547240.0,579686236.0,0.0,SOL,138.93628306321995,2366101969.0,64403530549.0,1.0122,0.9743,0.97,0.8239,0.7688,6.3704,13,7,7,July,2024
13:10:02,2024-07-07,Solana,5,1547,91,1882,1432,259.8360337991446,463547240.0,579686236.0,0.0,SOL,138.80846469296895,2363604520.0,64344280697.0,1.0113,0.9734,0.9691,0.8231,0.7681,6.3645,13,7,7,July,2024
13:10:21,2024-07-07,Solana,5,1547,91,1882,1432,259.8360337991446,463547240.0,579686236.0,0.0,SOL,138.80846469296895,2363604520.0,64344280697.0,1.0113,0.9734,0.9691,0.8231,0.7681,6.3645,13,7,7,July,2024
13:10:46,2024-07-07,Solana,5,1547,91,1882,1432,259.8360337991446,463547240.0,579686236.0,0.0,SOL,138.73314511519933,2361946350.0,64309366514.0,1.0108,0.9729,0.9686,0.8226,0.7677,6.3611,13,7,7,July,2024
13:11:07,2024-07-07,Solana,5,1547,91,1882,1432,259.8360337991446,463547240.0,579686236.0,0.0,SOL,138.72908735371638,2361895873.0,64307485550.0,1.0107,0.9728,0.9686,0.8226,0.7677,6.3609,13,7,7,July,2024
13:11:31,2024-07-07,Solana,5,1547,91,1882,1432,259.8360337991446,463547240.0,579686236.0,0.0,SOL,138.6826051735517,2361923601.0,64285938864.0,1.0088,0.9717,0.9685,0.8227,0.7675,6.3535,13,7,7,July,2024
13:11:54,2024-07-07,Solana,5,1547,91,1882,1432,259.8360337991446,463547240.0,579686236.0,0.0,SOL,138.71645157363056,2363165149.0,64301628269.0,1.009,0.9719,0.9687,0.8229,0.7677,6.355,13,7,7,July,2024
13:12:32,2024-07-07,Solana,5,1547,91,1882,1432,259.8360337991446,463547240.0,579686236.0,0.0,SOL,138.73409399615912,2363122497.0,64309806365.0,1.0091,0.9721,0.9689,0.823,0.7677,6.3558,13,7,7,July,2024
13:12:58,2024-07-07,Solana,5,1547,91,1882,1432,259.8360337991446,463547240.0,579686236.0,0.0,SOL,138.71288401225075,2361975833.0,64299974536.0,1.009,0.9719,0.9687,0.8229,0.7676,6.3548,13,7,7,July,2024
13:13:21,2024-07-07,Solana,5,1547,91,1882,1432,259.8360337991446,463547240.0,579686236.0,0.0,SOL,138.69465111542897,2361340493.0,64291522727.0,1.0089,0.9718,0.9686,0.8228,0.7675,6.354,13,7,7,July,2024
13:13:45,2024-07-07,Solana,5,1547,91,1882,1432,259.8360337991446,463547240.0,579686236.0,0.0,SOL,138.593792933702,2364699974.0,64244770195.0,1.0081,0.9711,0.9679,0.8222,0.767,6.3494,13,7,7,July,2024
13:14:08,2024-07-07,Solana,5,1547,91,1881,1431,259.8360337991446,463547240.0,579686236.0,0.0,SOL,138.5730225637631,2363788151.0,64235142147.0,1.008,0.9709,0.9677,0.822,0.7669,6.3484,13,7,7,July,2024
14:46:28,2024-07-07,Solana,5,1547,91,1883,1429,259.8360337991446,463546440.0,579685597.0,0.0,SOL,138.81546505347322,2348632133.0,64347414642.0,1.0038,0.9756,0.9585,0.8603,0.7662,6.3636,14,7,7,July,2024
14:46:49,2024-07-07,Solana,5,1547,91,1883,1429,259.8360337991446,463546440.0,579685597.0,0.0,SOL,138.79214576030853,2349576479.0,64336605067.0,1.0036,0.9754,0.9583,0.8602,0.7661,6.3625,14,7,7,July,2024
14:47:29,2024-07-07,Solana,5,1547,91,1883,1429,259.8360337991446,463546440.0,579685597.0,0.0,SOL,138.77108612375477,2348844188.0,64326842947.0,1.0035,0.9753,0.9582,0.8601,0.766,6.3616,14,7,7,July,2024
14:47:51,2024-07-07,Solana,5,1547,91,1883,1429,259.8360337991446,463546440.0,579685597.0,0.0,SOL,138.61945503602786,2349087190.0,64256554896.0,1.0024,0.9742,0.9571,0.8591,0.7651,6.3546,14,7,7,July,2024
14:48:15,2024-07-07,Solana,5,1547,91,1883,1429,259.8360337991446,463546440.0,579685597.0,0.0,SOL,138.58261573204263,2348337446.0,64239478168.0,1.0021,0.974,0.9569,0.8589,0.7649,6.3529,14,7,7,July,2024
14:48:37,2024-07-07,Solana,5,1547,91,1883,1429,259.8360337991446,463546440.0,579685597.0,0.0,SOL,138.57104170837022,2347912019.0,64234113071.0,1.002,0.9739,0.9568,0.8588,0.7649,6.3524,14,7,7,July,2024
14:49:01,2024-07-07,Solana,5,1547,91,1883,1429,259.8360337991446,463546440.0,579685597.0,0.0,SOL,138.57703399401606,2347801038.0,64236890773.0,1.0021,0.9739,0.9568,0.8589,0.7649,6.3527,14,7,7,July,2024
14:49:23,2024-07-07,Solana,5,1547,91,1883,1429,259.8360337991446,463546440.0,579685597.0,0.0,SOL,138.55685584382095,2347472732.0,64227537263.0,1.0019,0.9738,0.9567,0.8587,0.7648,6.3518,14,7,7,July,2024
14:49:46,2024-07-07,Solana,5,1547,91,1883,1429,259.8360337991446,463546440.0,579685597.0,0.0,SOL,138.5497778950661,2347000225.0,64224256306.0,1.0019,0.9737,0.9567,0.8587,0.7647,6.3514,14,7,7,July,2024
14:50:09,2024-07-07,Solana,5,1547,91,1883,1429,259.8360337991446,463546440.0,579685597.0,0.0,SOL,138.5355084483502,2346218826.0,64217641754.0,1.0018,0.9736,0.9566,0.8586,0.7647,6.3508,14,7,7,July,2024
14:50:29,2024-07-07,Solana,5,1547,91,1883,1429,259.8360337991446,463546440.0,579685597.0,0.0,SOL,138.5251330141199,2345788527.0,64212832259.0,1.0017,0.9736,0.9565,0.8585,0.7646,6.3503,14,7,7,July,2024
14:50:54,2024-07-07,Solana,5,1547,91,1883,1429,259.8360337991446,463546440.0,579685597.0,0.0,SOL,138.5042968423609,2345217355.0,64203173725.0,1.0016,0.9716,0.9531,0.856,0.7671,6.3579,14,7,7,July,2024
14:51:14,2024-07-07,Solana,5,1547,91,1883,1429,259.8360337991446,463546440.0,579685597.0,0.0,SOL,138.49772137064488,2344871172.0,64200125689.0,1.0015,0.9716,0.9531,0.856,0.767,6.3576,14,7,7,July,2024
14:51:38,2024-07-07,Solana,5,1547,91,1883,1429,259.8360337991446,463546440.0,579685597.0,0.0,SOL,138.43399988716322,2345642515.0,64170587822.0,1.001,0.9711,0.9527,0.8556,0.7667,6.3547,14,7,7,July,2024
14:51:59,2024-07-07,Solana,5,1547,91,1883,1429,259.8360337991446,463546440.0,579685597.0,0.0,SOL,138.43399988716322,2345642515.0,64170587822.0,1.001,0.9711,0.9527,0.8556,0.7667,6.3547,14,7,7,July,2024
14:52:21,2024-07-07,Solana,5,1547,91,1883,1429,259.8360337991446,463546440.0,579685597.0,0.0,SOL,138.3921937010027,2345313013.0,64151208713.0,1.0007,0.9708,0.9524,0.8553,0.7665,6.3527,14,7,7,July,2024
14:52:44,2024-07-07,Solana,5,1547,91,1883,1429,259.8360337991446,463546440.0,579685597.0,0.0,SOL,138.415731198034,2345914878.0,64162119436.0,1.0009,0.971,0.9525,0.8555,0.7666,6.3538,14,7,7,July,2024
14:53:37,2024-07-07,Solana,5,1547,91,1883,1429,259.8360337991446,463546440.0,579685597.0,0.0,SOL,138.4199409879786,2345508027.0,64164070869.0,1.0009,0.971,0.9526,0.8555,0.7666,6.354,14,7,7,July,2024
14:54:01,2024-07-07,Solana,5,1547,91,1883,1429,259.8360337991446,463546440.0,579685597.0,0.0,SOL,138.41099434174544,2344563594.0,64159923683.0,1.0009,0.971,0.9525,0.8554,0.7666,6.3536,14,7,7,July,2024
14:54:28,2024-07-07,Solana,5,1547,91,1883,1429,259.8360337991446,463546440.0,579685597.0,0.0,SOL,138.40984351186216,2343931299.0,64159390220.0,1.0009,0.971,0.9525,0.8554,0.7666,6.3535,14,7,7,July,2024
14:54:59,2024-07-07,Solana,5,1547,91,1882,1428,259.8360337991446,463546440.0,579685597.0,0.0,SOL,138.4129233140772,2343222346.0,64160817852.0,1.0009,0.971,0.9525,0.8555,0.7666,6.3537,14,7,7,July,2024
14:55:22,2024-07-07,Solana,5,1547,91,1882,1428,259.8360337991446,463546440.0,579685597.0,0.0,SOL,138.4065054520875,2342767270.0,64157842875.0,1.0008,0.9709,0.9525,0.8554,0.7665,6.3534,14,7,7,July,2024
14:55:45,2024-07-07,Solana,5,1547,91,1882,1428,259.8360337991446,463546440.0,579685597.0,0.0,SOL,138.3890457058397,2342045841.0,64149749471.0,1.0007,0.9708,0.9524,0.8553,0.7664,6.3526,14,7,7,July,2024
14:56:09,2024-07-07,Solana,5,1547,91,1882,1428,259.8360337991446,463546440.0,579685597.0,0.0,SOL,138.38834018451308,2341623656.0,64149422430.0,0.9976,0.97,0.952,0.8561,0.7675,6.363,14,7,7,July,2024
14:56:31,2024-07-07,Solana,5,1547,91,1882,1428,259.8360337991446,463546440.0,579685597.0,0.0,SOL,138.3888936189707,2342337274.0,64149678972.0,0.9976,0.97,0.952,0.8561,0.7675,6.363,14,7,7,July,2024
14:56:53,2024-07-07,Solana,5,1547,91,1882,1428,259.8360337991446,463546440.0,579685597.0,0.0,SOL,138.37846945776164,2341303460.0,64144846889.0,0.9975,0.97,0.9519,0.8561,0.7675,6.3626,14,7,7,July,2024
14:57:19,2024-07-07,Solana,5,1547,91,1882,1428,259.8360337991446,463546440.0,579685597.0,0.0,SOL,138.37237127757882,2341061821.0,64142020100.0,0.9975,0.9699,0.9519,0.856,0.7674,6.3623,14,7,7,July,2024
14:57:38,2024-07-07,Solana,5,1547,91,1882,1428,259.8360337991446,463546440.0,579685597.0,0.0,SOL,138.34273355962839,2340440260.0,64128281641.0,0.9972,0.9697,0.9517,0.8558,0.7673,6.3609,14,7,7,July,2024
14:58:01,2024-07-07,Solana,5,1547,91,1882,1428,259.8360337991446,463546440.0,579685597.0,0.0,SOL,138.31493625955983,2339392995.0,64115396301.0,0.997,0.9695,0.9515,0.8557,0.7671,6.3596,14,7,7,July,2024
14:58:24,2024-07-07,Solana,5,1547,91,1882,1428,259.8360337991446,463546440.0,579685597.0,0.0,SOL,138.2839393931483,2338592893.0,64101027814.0,0.9968,0.9693,0.9513,0.8555,0.7669,6.3582,14,7,7,July,2024
14:58:47,2024-07-07,Solana,5,1547,91,1882,1428,259.8360337991446,463546440.0,579685597.0,0.0,SOL,138.25852153621196,2338287019.0,64089245457.0,0.9966,0.9691,0.9511,0.8553,0.7668,6.357,14,7,7,July,2024
14:59:10,2024-07-07,Solana,5,1547,91,1882,1428,259.8360337991446,463546440.0,579685597.0,0.0,SOL,138.26075130539834,2337834864.0,64090279059.0,0.9966,0.9691,0.9511,0.8553,0.7668,6.3571,14,7,7,July,2024
14:59:32,2024-07-07,Solana,5,1547,91,1883,1429,259.8360337991446,463546440.0,579685597.0,0.0,SOL,138.2690812218262,2337777942.0,64094140362.0,0.9967,0.9692,0.9512,0.8554,0.7669,6.3575,14,7,7,July,2024
14:59:54,2024-07-07,Solana,5,1547,91,1883,1429,259.8360337991446,463546440.0,579685597.0,0.0,SOL,138.30827084850318,2338296913.0,64112306574.0,0.997,0.9695,0.9514,0.8556,0.7671,6.3593,14,7,7,July,2024
15:00:46,2024-07-07,Solana,5,1547,91,1883,1429,259.8360337991446,463546440.0,579685597.0,0.0,SOL,138.31778190139286,2338010801.0,64116715389.0,0.9971,0.9695,0.9515,0.8557,0.7671,6.3598,15,7,7,July,2024
15:01:57,2024-07-07,Solana,5,1547,91,1883,1429,259.8360337991446,463546440.0,579685597.0,0.0,SOL,138.25540197249748,2334028906.0,64087799395.0,0.9959,0.9694,0.9529,0.8543,0.768,6.3546,15,7,7,July,2024
15:02:37,2024-07-07,Solana,5,1547,91,1883,1429,259.8360337991446,463546440.0,579685597.0,0.0,SOL,138.22043249491864,2332930579.0,64071589418.0,0.9957,0.9691,0.9527,0.8541,0.7678,6.353,15,7,7,July,2024
15:02:56,2024-07-07,Solana,5,1547,91,1883,1429,259.8360337991446,463546440.0,579685597.0,0.0,SOL,138.13942921490747,2331970504.0,64034040636.0,0.9951,0.9686,0.9521,0.8536,0.7673,6.3493,15,7,7,July,2024
15:03:21,2024-07-07,Solana,5,1547,91,1883,1429,259.8360337991446,463546440.0,579685597.0,0.0,SOL,138.0646817996304,2330410570.0,63999391737.0,0.9946,0.968,0.9516,0.8531,0.7669,6.3459,15,7,7,July,2024
15:03:41,2024-07-07,Solana,5,1547,91,1882,1428,259.8360337991446,463546440.0,579685597.0,0.0,SOL,138.0341318206924,2330778329.0,63985230403.0,0.9943,0.9678,0.9514,0.8529,0.7668,6.3445,15,7,7,July,2024
15:04:01,2024-07-07,Solana,5,1547,91,1882,1428,259.8360337991446,463546440.0,579685597.0,0.0,SOL,138.02634384757556,2330570351.0,63981620316.0,0.9943,0.9678,0.9513,0.8529,0.7667,6.3441,15,7,7,July,2024
15:04:25,2024-07-07,Solana,5,1547,91,1882,1428,259.8360337991446,463546440.0,579685597.0,0.0,SOL,138.01299486283474,2330124149.0,63975432442.0,0.9942,0.9677,0.9513,0.8528,0.7666,6.3435,15,7,7,July,2024
15:04:50,2024-07-07,Solana,5,1547,91,1882,1428,259.8360337991446,463546440.0,579685597.0,0.0,SOL,138.034310341922,2331713160.0,63985313156.0,0.9943,0.9678,0.9514,0.8529,0.7668,6.3445,15,7,7,July,2024
15:05:09,2024-07-07,Solana,5,1547,91,1882,1428,259.8360337991446,463546440.0,579685597.0,0.0,SOL,138.04540667418982,2331395004.0,63990456822.0,0.9944,0.9679,0.9515,0.853,0.7668,6.345,15,7,7,July,2024
15:05:48,2024-07-07,Solana,5,1547,91,1882,1428,259.8360337991446,463546440.0,579685597.0,0.0,SOL,138.05870755435046,2331442011.0,63996622397.0,0.9947,0.9678,0.9539,0.857,0.7671,6.3551,15,7,7,July,2024
15:06:53,2024-07-07,Solana,5,1547,91,1882,1428,259.8360337991446,463546440.0,579685597.0,0.0,SOL,137.957494892241,2331659002.0,63949705628.0,0.994,0.9671,0.9532,0.8564,0.7666,6.3504,15,7,7,July,2024
15:07:30,2024-07-07,Solana,5,1547,91,1882,1428,259.8360337991446,463546440.0,579685597.0,0.0,SOL,137.9727852775227,2331403032.0,63956793432.0,0.9941,0.9672,0.9533,0.8565,0.7666,6.3511,15,7,7,July,2024
15:07:54,2024-07-07,Solana,5,1547,91,1882,1428,259.8360337991446,463546440.0,579685597.0,0.0,SOL,137.97976962861972,2331214056.0,63960031003.0,0.9942,0.9672,0.9534,0.8565,0.7667,6.3514,15,7,7,July,2024
15:08:20,2024-07-07,Solana,5,1547,91,1882,1428,259.8360337991446,463546440.0,579685597.0,0.0,SOL,137.99396149953918,2331140649.0,63966609594.0,0.9943,0.9673,0.9535,0.8566,0.7668,6.3521,15,7,7,July,2024
15:08:40,2024-07-07,Solana,5,1547,91,1882,1428,259.8360337991446,463546440.0,579685597.0,0.0,SOL,137.99400829800993,2330942101.0,63966631287.0,0.9943,0.9673,0.9535,0.8566,0.7668,6.3521,15,7,7,July,2024
15:09:02,2024-07-07,Solana,5,1547,91,1882,1428,259.8360337991446,463546440.0,579685597.0,0.0,SOL,138.0427644733877,2331457472.0,63989232039.0,0.9946,0.9677,0.9538,0.8569,0.767,6.3543,15,7,7,July,2024
15:09:24,2024-07-07,Solana,5,1547,91,1882,1428,259.8360337991446,463546440.0,579685597.0,0.0,SOL,138.05849065899645,2331311750.0,63996521856.0,0.9947,0.9678,0.9539,0.857,0.7671,6.355,15,7,7,July,2024
15:09:46,2024-07-07,Solana,5,1547,91,1881,1427,259.8360337991446,463546440.0,579685597.0,0.0,SOL,138.12147473434413,2332109434.0,64025717900.0,0.9952,0.9682,0.9544,0.8574,0.7675,6.3579,15,7,7,July,2024
15:10:08,2024-07-07,Solana,5,1547,91,1881,1427,259.8360337991446,463546440.0,579685597.0,0.0,SOL,138.1221662444084,2331598252.0,64026038447.0,0.9952,0.9682,0.9544,0.8574,0.7675,6.358,15,7,7,July,2024
15:10:34,2024-07-07,Solana,5,1547,91,1881,1427,259.8360337991446,463546440.0,579685597.0,0.0,SOL,138.12311442071157,2331193336.0,64026477971.0,0.9952,0.9682,0.9544,0.8574,0.7675,6.358,15,7,7,July,2024
15:10:58,2024-07-07,Solana,5,1547,91,1881,1427,259.8360337991446,463546440.0,579685597.0,0.0,SOL,138.1107833131439,2331575796.0,64020761930.0,0.9924,0.9696,0.9545,0.8557,0.7668,6.3607,15,7,7,July,2024
15:11:20,2024-07-07,Solana,5,1547,91,1881,1427,259.8360337991446,463546440.0,579685597.0,0.0,SOL,138.11380772737712,2331331085.0,64022163886.0,0.9924,0.9696,0.9545,0.8557,0.7668,6.3608,15,7,7,July,2024
15:11:42,2024-07-07,Solana,5,1547,91,1880,1426,259.8360337991446,463546440.0,579685597.0,0.0,SOL,138.11983980672954,2332809301.0,64024960035.0,0.9925,0.9696,0.9545,0.8558,0.7668,6.3611,15,7,7,July,2024
15:12:04,2024-07-07,Solana,5,1547,91,1880,1426,259.8360337991446,463546440.0,579685597.0,0.0,SOL,138.11435140538757,2332447698.0,64022415906.0,0.9924,0.9696,0.9545,0.8557,0.7668,6.3608,15,7,7,July,2024
15:12:29,2024-07-07,Solana,5,1547,91,1880,1426,259.8360337991446,463546440.0,579685597.0,0.0,SOL,138.12694761230992,2332257308.0,64028254833.0,0.9925,0.9697,0.9546,0.8558,0.7669,6.3614,15,7,7,July,2024
15:12:48,2024-07-07,Solana,5,1547,91,1880,1426,259.8360337991446,463546440.0,579685597.0,0.0,SOL,138.19484757171483,2333129140.0,64059729618.0,0.993,0.9702,0.955,0.8562,0.7672,6.3646,15,7,7,July,2024
15:13:09,2024-07-07,Solana,5,1547,91,1881,1427,259.8360337991446,463546440.0,579685597.0,0.0,SOL,138.21902460903337,2333268902.0,64070936797.0,0.9932,0.9703,0.9552,0.8564,0.7674,6.3657,15,7,7,July,2024
15:13:30,2024-07-07,Solana,5,1547,91,1881,1427,259.8360337991446,463546440.0,579685597.0,0.0,SOL,138.24860722091069,2333566352.0,64084649712.0,0.9934,0.9705,0.9554,0.8566,0.7675,6.367,15,7,7,July,2024
15:13:52,2024-07-07,Solana,5,1547,91,1881,1427,259.8360337991446,463546440.0,579685597.0,0.0,SOL,138.28746249813568,2334250294.0,64102660937.0,0.9937,0.9708,0.9557,0.8568,0.7678,6.3688,15,7,7,July,2024
15:14:12,2024-07-07,Solana,5,1547,91,1881,1427,259.8360337991446,463546440.0,579685597.0,0.0,SOL,138.2948890343335,2334040266.0,64106103482.0,0.9937,0.9709,0.9557,0.8568,0.7678,6.3692,15,7,7,July,2024
15:14:32,2024-07-07,Solana,5,1547,91,1881,1427,259.8360337991446,463546440.0,579685597.0,0.0,SOL,138.3271834774969,2334187076.0,64121073456.0,0.994,0.9711,0.9559,0.857,0.768,6.3706,15,7,7,July,2024
15:14:54,2024-07-07,Solana,5,1547,91,1881,1427,259.8360337991446,463546440.0,579685597.0,0.0,SOL,138.34408297952973,2334004116.0,64128907160.0,0.9941,0.9712,0.9561,0.8571,0.7681,6.3714,15,7,7,July,2024
15:15:17,2024-07-07,Solana,5,1547,91,1881,1427,259.8360337991446,463546440.0,579685597.0,0.0,SOL,138.35016282817193,2333781159.0,64131725452.0,0.9941,0.9713,0.9561,0.8572,0.7681,6.3717,15,7,7,July,2024
15:15:43,2024-07-07,Solana,5,1547,91,1881,1427,259.8360337991446,463546440.0,579685597.0,0.0,SOL,138.37562903868928,2334093199.0,64143530223.0,0.9943,0.9714,0.9563,0.8573,0.7683,6.3729,15,7,7,July,2024
15:16:07,2024-07-07,Solana,5,1547,91,1881,1427,259.8360337991446,463546440.0,579685597.0,0.0,SOL,138.38326434354934,2333818026.0,64147069542.0,0.9935,0.9706,0.9564,0.8538,0.7676,6.3769,15,7,7,July,2024
15:16:28,2024-07-07,Solana,5,1547,91,1881,1427,259.8360337991446,463546440.0,579685597.0,0.0,SOL,138.48647089620448,2337206702.0,64194910572.0,0.9943,0.9713,0.9572,0.8544,0.7682,6.3816,15,7,7,July,2024
15:16:51,2024-07-07,Solana,5,1547,91,1881,1427,259.8360337991446,463546440.0,579685597.0,0.0,SOL,138.5339134868361,2338164778.0,64216902416.0,0.9946,0.9717,0.9575,0.8547,0.7684,6.3838,15,7,7,July,2024
15:17:12,2024-07-07,Solana,5,1547,91,1881,1427,259.8360337991446,463546440.0,579685597.0,0.0,SOL,138.55292695418834,2338498388.0,64225716041.0,0.9947,0.9718,0.9576,0.8548,0.7686,6.3847,15,7,7,July,2024
15:17:33,2024-07-07,Solana,5,1547,91,1881,1427,259.8360337991446,463546440.0,579685597.0,0.0,SOL,138.55091755854698,2338186286.0,64224784592.0,0.9947,0.9718,0.9576,0.8548,0.7685,6.3846,15,7,7,July,2024
15:17:54,2024-07-07,Solana,5,1547,91,1881,1427,259.8360337991446,463546440.0,579685597.0,0.0,SOL,138.4935650837145,2337052235.0,64198199057.0,0.9943,0.9714,0.9572,0.8545,0.7682,6.382,15,7,7,July,2024
15:18:17,2024-07-07,Solana,5,1547,91,1881,1427,259.8360337991446,463546440.0,579685597.0,0.0,SOL,138.43289603378386,2335942439.0,64170076135.0,0.9939,0.971,0.9568,0.8541,0.7679,6.3792,15,7,7,July,2024
15:18:40,2024-07-07,Solana,5,1547,91,1880,1426,259.8360337991446,463546440.0,579685597.0,0.0,SOL,138.39982005256613,2335169853.0,64154743882.0,0.9936,0.9707,0.9566,0.8539,0.7677,6.3776,15,7,7,July,2024
15:19:03,2024-07-07,Solana,5,1547,91,1880,1426,259.8360337991446,463546440.0,579685597.0,0.0,SOL,138.33439475243628,2333704288.0,64124416217.0,0.9932,0.9703,0.9561,0.8535,0.7673,6.3746,15,7,7,July,2024
15:19:27,2024-07-07,Solana,5,1547,91,1880,1426,259.8360337991446,463546440.0,579685597.0,0.0,SOL,138.3140431695475,2332947731.0,64114982313.0,0.993,0.9701,0.956,0.8533,0.7672,6.3737,15,7,7,July,2024
15:19:49,2024-07-07,Solana,5,1547,91,1880,1426,259.8360337991446,463546440.0,579685597.0,0.0,SOL,138.27566844264467,2332315218.0,64097193845.0,0.9927,0.9699,0.9557,0.8531,0.767,6.3719,15,7,7,July,2024
15:20:17,2024-07-07,Solana,5,1547,91,1880,1426,259.8360337991446,463546440.0,579685597.0,0.0,SOL,138.27806841774384,2331746864.0,64098306345.0,0.9928,0.9699,0.9557,0.8531,0.767,6.372,15,7,7,July,2024
15:20:40,2024-07-07,Solana,5,1547,91,1880,1426,259.8360337991446,463546440.0,579685597.0,0.0,SOL,138.31023349600866,2331885373.0,64113216352.0,0.993,0.9701,0.9559,0.8533,0.7672,6.3735,15,7,7,July,2024
15:21:00,2024-07-07,Solana,5,1547,91,1880,1426,259.8360337991446,463546440.0,579685597.0,0.0,SOL,138.3151270954874,2331708499.0,64115484763.0,0.993,0.9701,0.956,0.8534,0.7672,6.3737,15,7,7,July,2024
15:21:21,2024-07-07,Solana,5,1547,91,1880,1426,259.8360337991446,463546440.0,579685597.0,0.0,SOL,138.3067598173206,2331490082.0,64111606141.0,0.9927,0.9683,0.9555,0.8538,0.7684,6.3846,15,7,7,July,2024
15:21:44,2024-07-07,Solana,5,1547,91,1880,1426,259.8360337991446,463546440.0,579685597.0,0.0,SOL,138.15359479996988,2330115166.0,64040607042.0,0.9916,0.9672,0.9544,0.8528,0.7675,6.3775,15,7,7,July,2024
15:22:05,2024-07-07,Solana,5,1547,91,1880,1426,259.8360337991446,463546440.0,579685597.0,0.0,SOL,138.04198387587758,2333133615.0,63988870196.0,0.9908,0.9664,0.9537,0.8521,0.7669,6.3724,15,7,7,July,2024
15:22:26,2024-07-07,Solana,5,1547,91,1880,1426,259.8360337991446,463546440.0,579685597.0,0.0,SOL,138.00539266126555,2332386093.0,63971908468.0,0.9906,0.9662,0.9534,0.8519,0.7667,6.3707,15,7,7,July,2024
15:22:47,2024-07-07,Solana,5,1547,91,1881,1427,259.8360337991446,463546440.0,579685597.0,0.0,SOL,137.9653494055929,2331876553.0,63953346560.0,0.9903,0.9659,0.9531,0.8516,0.7665,6.3689,15,7,7,July,2024
15:23:08,2024-07-07,Solana,5,1547,91,1881,1427,259.8360337991446,463546440.0,579685597.0,0.0,SOL,137.9475236166186,2331262488.0,63945083479.0,0.9902,0.9658,0.953,0.8515,0.7664,6.368,15,7,7,July,2024
15:24:38,2024-07-07,Solana,5,1547,91,1880,1426,259.8360337991446,463546440.0,579685597.0,0.0,SOL,137.87607040361908,2329773995.0,63911961596.0,0.9896,0.9653,0.9525,0.8511,0.766,6.3647,15,7,7,July,2024
15:25:02,2024-07-07,Solana,5,1547,91,1881,1427,259.8360337991446,463546440.0,579685597.0,0.0,SOL,137.84655119053372,2329148483.0,63898278070.0,0.9894,0.9651,0.9523,0.8509,0.7658,6.3634,15,7,7,July,2024
15:25:23,2024-07-07,Solana,5,1547,91,1881,1427,259.8360337991446,463546440.0,579685597.0,0.0,SOL,137.84800712874215,2328785198.0,63898952965.0,0.9894,0.9651,0.9523,0.8509,0.7658,6.3634,15,7,7,July,2024
15:25:47,2024-07-07,Solana,5,1547,91,1880,1426,259.8360337991446,463546440.0,579685597.0,0.0,SOL,137.83583257598096,2328691478.0,63893309495.0,0.9908,0.9656,0.9527,0.8469,0.769,6.3869,15,7,7,July,2024
15:26:07,2024-07-07,Solana,5,1547,91,1880,1426,259.8360337991446,463546440.0,579685597.0,0.0,SOL,137.83476833446537,2328426676.0,63892816169.0,0.9908,0.9656,0.9527,0.8469,0.769,6.3869,15,7,7,July,2024
15:26:35,2024-07-07,Solana,5,1547,91,1880,1426,259.8360337991446,463546440.0,579685597.0,0.0,SOL,137.73829853385664,2328733175.0,63848097937.0,0.9901,0.9649,0.9521,0.8463,0.7684,6.3824,15,7,7,July,2024
15:27:02,2024-07-07,Solana,5,1547,91,1880,1426,259.8360337991446,463546440.0,579685597.0,0.0,SOL,137.68733027440555,2328612949.0,63824471781.0,0.9898,0.9646,0.9517,0.846,0.7682,6.3801,15,7,7,July,2024
15:27:23,2024-07-07,Solana,5,1547,91,1880,1426,259.8360337991446,463546440.0,579685597.0,0.0,SOL,137.6795165647394,2328386173.0,63820849764.0,0.9897,0.9645,0.9517,0.8459,0.7681,6.3797,15,7,7,July,2024
15:27:47,2024-07-07,Solana,5,1547,91,1880,1426,259.8360337991446,463546440.0,579685597.0,0.0,SOL,137.70713366445833,2328854909.0,63833651572.0,0.9899,0.9647,0.9519,0.8461,0.7683,6.381,15,7,7,July,2024
15:28:56,2024-07-07,Solana,5,1547,91,1880,1426,259.8360337991446,463546440.0,579685597.0,0.0,SOL,137.72496805081582,2328497280.0,63841918639.0,0.99,0.9648,0.952,0.8462,0.7684,6.3818,15,7,7,July,2024
15:29:19,2024-07-07,Solana,5,1547,91,1880,1426,259.8360337991446,463546440.0,579685597.0,0.0,SOL,137.77435636447163,2328617372.0,63864812416.0,0.9904,0.9652,0.9523,0.8465,0.7686,6.3841,15,7,7,July,2024
15:29:41,2024-07-07,Solana,5,1547,91,1880,1426,259.8360337991446,463546440.0,579685597.0,0.0,SOL,137.8058258167301,2328536659.0,63879399968.0,0.9906,0.9654,0.9525,0.8467,0.7688,6.3856,15,7,7,July,2024
15:30:02,2024-07-07,Solana,5,1547,91,1880,1426,259.8360337991446,463546440.0,579685597.0,0.0,SOL,137.8117541906227,2328024594.0,63882148045.0,0.9906,0.9654,0.9526,0.8467,0.7689,6.3858,15,7,7,July,2024
15:30:25,2024-07-07,Solana,5,1547,91,1880,1426,259.8360337991446,463546440.0,579685597.0,0.0,SOL,137.82275527331083,2328127553.0,63887247557.0,0.9907,0.9655,0.9527,0.8468,0.7689,6.3863,15,7,7,July,2024
15:30:53,2024-07-07,Solana,5,1547,91,1880,1426,259.8360337991446,463546440.0,579685597.0,0.0,SOL,137.82528449325906,2327645121.0,63888419968.0,0.992,0.966,0.951,0.8449,0.7701,6.3734,15,7,7,July,2024
15:31:13,2024-07-07,Solana,5,1547,91,1880,1426,259.8360337991446,463546440.0,579685597.0,0.0,SOL,137.82414170799916,2327435803.0,63887890234.0,0.992,0.9659,0.951,0.8449,0.7701,6.3733,15,7,7,July,2024
15:31:36,2024-07-07,Solana,5,1547,91,1880,1426,259.8360337991446,463546440.0,579685597.0,0.0,SOL,137.79664867496896,2328281814.0,63875145937.0,0.9918,0.9657,0.9508,0.8448,0.77,6.3721,15,7,7,July,2024
15:31:57,2024-07-07,Solana,5,1547,91,1880,1426,259.8360337991446,463546440.0,579685597.0,0.0,SOL,137.77179966370704,2327714989.0,63863627266.0,0.9916,0.9656,0.9506,0.8446,0.7698,6.3709,15,7,7,July,2024
15:32:20,2024-07-07,Solana,5,1547,91,1880,1426,259.8360337991446,463546440.0,579685597.0,0.0,SOL,137.7828157590068,2327870543.0,63868733738.0,0.9917,0.9657,0.9507,0.8447,0.7699,6.3714,15,7,7,July,2024
15:32:43,2024-07-07,Solana,5,1547,91,1880,1426,259.8360337991446,463546440.0,579685597.0,0.0,SOL,137.8157534410834,2328203167.0,63884001883.0,0.992,0.9659,0.9509,0.8449,0.7701,6.373,15,7,7,July,2024
15:33:07,2024-07-07,Solana,5,1547,91,1880,1426,259.8360337991446,463546440.0,579685597.0,0.0,SOL,137.82116633267978,2328005181.0,63886511010.0,0.992,0.9659,0.951,0.8449,0.7701,6.3732,15,7,7,July,2024
15:33:29,2024-07-07,Solana,5,1547,91,1880,1426,259.8360337991446,463546440.0,579685597.0,0.0,SOL,137.81782176381913,2327331654.0,63884960647.0,0.992,0.9659,0.9509,0.8449,0.7701,6.373,15,7,7,July,2024
15:33:57,2024-07-07,Solana,5,1547,91,1880,1426,259.8360337991446,463546440.0,579685597.0,0.0,SOL,137.79570503742195,2326800442.0,63874708517.0,0.9918,0.9657,0.9508,0.8448,0.77,6.372,15,7,7,July,2024
15:34:17,2024-07-07,Solana,5,1547,91,1880,1426,259.8360337991446,463546440.0,579685597.0,0.0,SOL,137.78617128285234,2326229188.0,63870289179.0,0.9917,0.9657,0.9507,0.8447,0.7699,6.3716,15,7,7,July,2024
15:34:39,2024-07-07,Solana,5,1547,91,1880,1426,259.8360337991446,463546440.0,579685597.0,0.0,SOL,137.77325188080053,2325800486.0,63864300436.0,0.9916,0.9656,0.9506,0.8446,0.7698,6.371,15,7,7,July,2024
15:35:04,2024-07-07,Solana,5,1547,91,1880,1426,259.8360337991446,463546440.0,579685597.0,0.0,SOL,137.74358909059544,2324598061.0,63850550355.0,0.9914,0.9654,0.9504,0.8444,0.7697,6.3696,15,7,7,July,2024
15:35:51,2024-07-07,Solana,5,1547,91,1880,1426,259.8360337991446,463546440.0,579685597.0,0.0,SOL,137.82644555827926,2325340925.0,63888958176.0,0.992,0.966,0.951,0.845,0.7701,6.3734,15,7,7,July,2024
15:36:11,2024-07-07,Solana,5,1547,91,1880,1426,259.8360337991446,463546440.0,579685597.0,0.0,SOL,137.82377696230415,2324946410.0,63887721158.0,0.9928,0.9656,0.9528,0.8431,0.7708,6.3951,15,7,7,July,2024
15:36:35,2024-07-07,Solana,5,1547,91,1880,1426,259.8360337991446,463546440.0,579685597.0,0.0,SOL,137.82226622150438,2325426819.0,63887020859.0,0.9928,0.9655,0.9528,0.8431,0.7708,6.395,15,7,7,July,2024
15:36:56,2024-07-07,Solana,5,1547,91,1880,1426,259.8360337991446,463546440.0,579685597.0,0.0,SOL,137.82226622150438,2325426819.0,63887020859.0,0.9928,0.9655,0.9528,0.8431,0.7708,6.395,15,7,7,July,2024
15:37:27,2024-07-07,Solana,5,1547,91,1880,1426,259.8360337991446,463546440.0,579685597.0,0.0,SOL,137.80591972244233,2324520097.0,63879443498.0,0.9927,0.9654,0.9527,0.843,0.7707,6.3942,15,7,7,July,2024
15:38:08,2024-07-07,Solana,5,1547,91,1880,1426,259.8360337991446,463546440.0,579685597.0,0.0,SOL,137.82430899123273,2324387855.0,63887967778.0,0.9928,0.9656,0.9528,0.8431,0.7708,6.3951,15,7,7,July,2024
15:38:30,2024-07-07,Solana,5,1547,91,1880,1426,259.8360337991446,463546440.0,579685597.0,0.0,SOL,137.81903088158003,2323810110.0,63885521129.0,0.9928,0.9655,0.9527,0.8431,0.7708,6.3949,15,7,7,July,2024
15:38:51,2024-07-07,Solana,5,1547,91,1880,1426,259.8360337991446,463546440.0,579685597.0,0.0,SOL,137.82926610098465,2323846505.0,63890265628.0,0.9929,0.9656,0.9528,0.8431,0.7708,6.3953,15,7,7,July,2024
15:39:45,2024-07-07,Solana,5,1547,91,1880,1426,259.8360337991446,463546440.0,579685597.0,0.0,SOL,137.8672465117176,2323757501.0,63907871313.0,0.9931,0.9659,0.9531,0.8434,0.771,6.3971,15,7,7,July,2024
15:40:09,2024-07-07,Solana,5,1547,91,1879,1425,259.8360337991446,463546440.0,579685597.0,0.0,SOL,137.8503764031827,2323311977.0,63900051234.0,0.993,0.9657,0.953,0.8433,0.771,6.3963,15,7,7,July,2024
15:40:30,2024-07-07,Solana,5,1547,91,1879,1425,259.8360337991446,463546440.0,579685597.0,0.0,SOL,137.83788684752284,2322845795.0,63894261745.0,0.9929,0.9657,0.9529,0.8432,0.7709,6.3957,15,7,7,July,2024
15:40:54,2024-07-07,Solana,5,1547,91,1879,1425,259.8360337991446,463546440.0,579685597.0,0.0,SOL,137.83119219575062,2322774470.0,63891158463.0,0.9929,0.9656,0.9528,0.8431,0.7708,6.3954,15,7,7,July,2024
15:41:22,2024-07-07,Solana,5,1547,91,1879,1425,259.8360337991446,463546440.0,579685597.0,0.0,SOL,137.84417353881562,2322690447.0,63897175918.0,0.9939,0.966,0.9518,0.8435,0.7703,6.3762,15,7,7,July,2024
15:41:43,2024-07-07,Solana,5,1547,91,1878,1424,259.8360337991446,463546440.0,579685597.0,0.0,SOL,137.88563096473268,2324595250.0,63916393360.0,0.9942,0.9663,0.9521,0.8438,0.7706,6.3781,15,7,7,July,2024
15:42:06,2024-07-07,Solana,5,1547,91,1878,1424,259.8360337991446,463546440.0,579685597.0,0.0,SOL,137.89801829602226,2324404678.0,63922135464.0,0.9943,0.9663,0.9522,0.8439,0.7706,6.3786,15,7,7,July,2024
15:42:27,2024-07-07,Solana,5,1547,91,1878,1424,259.8360337991446,463546440.0,579685597.0,0.0,SOL,137.90574366176259,2324566865.0,63925716529.0,0.9943,0.9664,0.9522,0.8439,0.7707,6.379,15,7,7,July,2024
15:42:51,2024-07-07,Solana,5,1547,91,1878,1424,259.8360337991446,463546440.0,579685597.0,0.0,SOL,137.95467162112988,2325403619.0,63948396911.0,0.9947,0.9667,0.9526,0.8442,0.7709,6.3813,15,7,7,July,2024
15:43:13,2024-07-07,Solana,5,1547,91,1878,1424,259.8360337991446,463546440.0,579685597.0,0.0,SOL,137.92523765516455,2325482410.0,63934752901.0,0.9945,0.9665,0.9524,0.844,0.7708,6.3799,15,7,7,July,2024
15:43:33,2024-07-07,Solana,5,1547,91,1878,1424,259.8360337991446,463546440.0,579685597.0,0.0,SOL,137.89162572438096,2324812347.0,63919172210.0,0.9942,0.9663,0.9521,0.8438,0.7706,6.3784,15,7,7,July,2024
15:43:56,2024-07-07,Solana,5,1547,91,1878,1424,259.8360337991446,463546440.0,579685597.0,0.0,SOL,137.86045536239968,2324061999.0,63904723300.0,0.994,0.9661,0.9519,0.8436,0.7704,6.3769,15,7,7,July,2024
15:44:29,2024-07-07,Solana,5,1547,91,1878,1424,259.8360337991446,463546440.0,579685597.0,0.0,SOL,137.82791076753418,2323403386.0,63889637368.0,0.9938,0.9659,0.9517,0.8434,0.7702,6.3754,15,7,7,July,2024
15:44:56,2024-07-07,Solana,5,1547,91,1879,1425,259.8360337991446,463546440.0,579685597.0,0.0,SOL,137.80361331538637,2323428069.0,63878374371.0,0.9936,0.9657,0.9515,0.8433,0.7701,6.3743,15,7,7,July,2024
15:45:18,2024-07-07,Solana,5,1547,91,1879,1425,259.8360337991446,463546440.0,579685597.0,0.0,SOL,137.81118146507862,2323109187.0,63881882560.0,0.9936,0.9657,0.9516,0.8433,0.7701,6.3746,15,7,7,July,2024
15:45:46,2024-07-07,Solana,5,1547,91,1879,1425,259.8360337991446,463546440.0,579685597.0,0.0,SOL,137.79122238605476,2322450243.0,63872630600.0,0.9925,0.9659,0.9504,0.8419,0.7699,6.3651,15,7,7,July,2024
15:46:07,2024-07-07,Solana,5,1547,91,1879,1425,259.8360337991446,463546440.0,579685597.0,0.0,SOL,137.78578643131166,2321937694.0,63870110782.0,0.9924,0.9659,0.9504,0.8419,0.7699,6.3648,15,7,7,July,2024
15:46:27,2024-07-07,Solana,5,1547,91,1879,1425,259.8360337991446,463546440.0,579685597.0,0.0,SOL,137.775387451968,2321728457.0,63865290372.0,0.9923,0.9658,0.9503,0.8418,0.7699,6.3643,15,7,7,July,2024
15:46:48,2024-07-07,Solana,5,1547,91,1879,1425,259.8360337991446,463546440.0,579685597.0,0.0,SOL,137.748223574489,2323285054.0,63852698654.0,0.9921,0.9656,0.9501,0.8416,0.7697,6.3631,15,7,7,July,2024
15:47:10,2024-07-07,Solana,5,1547,91,1879,1425,259.8360337991446,463546440.0,579685597.0,0.0,SOL,137.7526878856137,2323039504.0,63854768069.0,0.9922,0.9657,0.9501,0.8417,0.7697,6.3633,15,7,7,July,2024
15:47:36,2024-07-07,Solana,5,1547,91,1879,1425,259.8360337991446,463546440.0,579685597.0,0.0,SOL,137.75626632698658,2322630802.0,63856426843.0,0.9922,0.9657,0.9502,0.8417,0.7697,6.3634,15,7,7,July,2024
15:47:58,2024-07-07,Solana,5,1547,91,1880,1426,259.8360337991446,463546440.0,579685597.0,0.0,SOL,137.7808819120089,2322712562.0,63867837310.0,0.9924,0.9659,0.9503,0.8418,0.7699,6.3646,15,7,7,July,2024
15:48:18,2024-07-07,Solana,5,1547,91,1880,1426,259.8360337991446,463546440.0,579685597.0,0.0,SOL,137.79584349073724,2322483371.0,63874772696.0,0.9925,0.966,0.9504,0.8419,0.77,6.3653,15,7,7,July,2024
15:48:43,2024-07-07,Solana,5,1547,91,1880,1426,259.8360337991446,463546440.0,579685597.0,0.0,SOL,137.7960345020828,2322550392.0,63874861239.0,0.9925,0.966,0.9504,0.8419,0.77,6.3653,15,7,7,July,2024
15:49:08,2024-07-07,Solana,5,1547,91,1880,1426,259.8360337991446,463546440.0,579685597.0,0.0,SOL,137.7961791407424,2322024181.0,63874928286.0,0.9925,0.966,0.9504,0.8419,0.77,6.3653,15,7,7,July,2024
15:49:29,2024-07-07,Solana,5,1547,91,1880,1426,259.8360337991446,463546440.0,579685597.0,0.0,SOL,137.7914374632288,2321663901.0,63872730298.0,0.9925,0.9659,0.9504,0.8419,0.7699,6.3651,15,7,7,July,2024
15:49:49,2024-07-07,Solana,5,1547,91,1880,1426,259.8360337991446,463546440.0,579685597.0,0.0,SOL,137.76317013946152,2321150570.0,63859627081.0,0.9923,0.9657,0.9502,0.8417,0.7698,6.3638,15,7,7,July,2024
15:50:14,2024-07-07,Solana,5,1547,91,1880,1426,259.8360337991446,463546440.0,579685597.0,0.0,SOL,137.74354968088167,2320441417.0,63850532087.0,0.9921,0.9656,0.9501,0.8416,0.7697,6.3629,15,7,7,July,2024
15:50:35,2024-07-07,Solana,5,1547,91,1880,1426,259.8360337991446,463546440.0,579685597.0,0.0,SOL,137.72481787108444,2320021220.0,63841849023.0,0.992,0.9655,0.9499,0.8415,0.7696,6.362,15,7,7,July,2024
15:50:56,2024-07-07,Solana,5,1547,91,1880,1426,259.8360337991446,463546440.0,579685597.0,0.0,SOL,137.7000522470281,2319544749.0,63830369006.0,0.9939,0.9633,0.951,0.8432,0.7702,6.3653,15,7,7,July,2024
15:51:17,2024-07-07,Solana,5,1547,91,1880,1426,259.8360337991446,463546440.0,579685597.0,0.0,SOL,137.692632709399,2318922539.0,63826929706.0,0.9939,0.9632,0.9509,0.8432,0.7702,6.365,15,7,7,July,2024
15:51:43,2024-07-07,Solana,5,1547,91,1880,1426,259.8360337991446,463546440.0,579685597.0,0.0,SOL,137.50026072092166,2317754800.0,63737756356.0,0.9925,0.9619,0.9496,0.842,0.7691,6.3561,15,7,7,July,2024
15:52:04,2024-07-07,Solana,5,1547,91,1880,1426,259.8360337991446,463546440.0,579685597.0,0.0,SOL,137.46771891152744,2316652073.0,63722671716.0,0.9922,0.9617,0.9494,0.8418,0.7689,6.3546,15,7,7,July,2024
15:52:29,2024-07-07,Solana,5,1547,91,1880,1426,259.8360337991446,463546440.0,579685597.0,0.0,SOL,137.43715627589847,2315954534.0,63708504515.0,0.992,0.9615,0.9491,0.8416,0.7688,6.3532,15,7,7,July,2024
15:52:48,2024-07-07,Solana,5,1547,91,1880,1426,259.8360337991446,463546440.0,579685597.0,0.0,SOL,137.46481375246228,2316180451.0,63721325040.0,0.9922,0.9616,0.9493,0.8418,0.7689,6.3545,15,7,7,July,2024
15:53:09,2024-07-07,Solana,5,1547,91,1880,1426,259.8360337991446,463546440.0,579685597.0,0.0,SOL,137.46481375246228,2316180451.0,63721325040.0,0.9922,0.9616,0.9493,0.8418,0.7689,6.3545,15,7,7,July,2024
15:53:31,2024-07-07,Solana,5,1547,91,1883,1428,259.8360337991446,463546440.0,579685597.0,0.0,SOL,137.46875106074842,2315265248.0,63723150165.0,0.9922,0.9617,0.9494,0.8418,0.769,6.3546,15,7,7,July,2024
15:53:52,2024-07-07,Solana,5,1547,91,1881,1427,259.8360337991446,463546440.0,579685597.0,0.0,SOL,137.4687510458782,2315058522.0,63723150158.0,0.9922,0.9617,0.9494,0.8418,0.769,6.3546,15,7,7,July,2024
15:54:17,2024-07-07,Solana,5,1547,91,1881,1427,259.8360337991446,463546440.0,579685597.0,0.0,SOL,137.45429810767325,2314288225.0,63716450550.0,0.9921,0.9616,0.9493,0.8417,0.7689,6.354,15,7,7,July,2024
15:54:37,2024-07-07,Solana,5,1547,91,1881,1427,259.8360337991446,463546440.0,579685597.0,0.0,SOL,137.45555211327093,2313784416.0,63717031840.0,0.9922,0.9616,0.9493,0.8418,0.7689,6.354,15,7,7,July,2024
15:54:57,2024-07-07,Solana,5,1547,91,1881,1427,259.8360337991446,463546440.0,579685597.0,0.0,SOL,137.50417861300704,2314355465.0,63739572481.0,0.9925,0.9619,0.9496,0.842,0.7692,6.3563,15,7,7,July,2024
15:55:18,2024-07-07,Solana,5,1547,91,1881,1427,259.8360337991446,463546440.0,579685597.0,0.0,SOL,137.53663393267587,2315359621.0,63754617029.0,0.9927,0.9621,0.9498,0.8422,0.7693,6.3578,15,7,7,July,2024
15:55:40,2024-07-07,Solana,5,1547,91,1881,1427,259.8360337991446,463546440.0,579685597.0,0.0,SOL,137.52569055565164,2315383462.0,63749544265.0,0.9936,0.9609,0.9499,0.8442,0.7673,6.3619,15,7,7,July,2024
15:56:03,2024-07-07,Solana,5,1547,91,1881,1427,259.8360337991446,463546440.0,579685597.0,0.0,SOL,137.50386051952896,2314891506.0,63739425030.0,0.9934,0.9608,0.9497,0.844,0.7672,6.3609,15,7,7,July,2024
15:56:27,2024-07-07,Solana,5,1547,91,1881,1427,259.8360337991446,463546440.0,579685597.0,0.0,SOL,137.503252322051,2314369589.0,63739143102.0,0.9934,0.9607,0.9497,0.844,0.7672,6.3609,15,7,7,July,2024
15:56:50,2024-07-07,Solana,5,1547,91,1881,1427,259.8360337991446,463546440.0,579685597.0,0.0,SOL,137.49735471995368,2314617128.0,63736409289.0,0.9934,0.9607,0.9497,0.844,0.7671,6.3606,15,7,7,July,2024
15:57:13,2024-07-07,Solana,5,1547,91,1881,1427,259.8360337991446,463546440.0,579685597.0,0.0,SOL,137.4958876698924,2313810047.0,63735729244.0,0.9933,0.9607,0.9497,0.844,0.7671,6.3605,15,7,7,July,2024
15:57:35,2024-07-07,Solana,5,1547,91,1881,1427,259.8360337991446,463546440.0,579685597.0,0.0,SOL,137.49743734266517,2313551615.0,63736447589.0,0.9934,0.9607,0.9497,0.844,0.7671,6.3606,15,7,7,July,2024
15:57:57,2024-07-07,Solana,5,1547,91,1881,1427,259.8360337991446,463546440.0,579685597.0,0.0,SOL,137.55259708591328,2313510746.0,63762016691.0,0.9938,0.9611,0.9501,0.8443,0.7675,6.3631,15,7,7,July,2024
15:58:19,2024-07-07,Solana,5,1547,91,1881,1427,259.8360337991446,463546440.0,579685597.0,0.0,SOL,137.55792557469715,2313235871.0,63764486693.0,0.9938,0.9611,0.9501,0.8444,0.7675,6.3634,15,7,7,July,2024
15:58:41,2024-07-07,Solana,5,1547,91,1882,1428,259.8360337991446,463546440.0,579685597.0,0.0,SOL,137.59159055374954,2313604422.0,63780091975.0,0.994,0.9614,0.9503,0.8446,0.7677,6.3649,15,7,7,July,2024
15:59:02,2024-07-07,Solana,5,1547,91,1882,1428,259.8360337991446,463546440.0,579685597.0,0.0,SOL,137.60596790404753,2313727113.0,63786756544.0,0.9941,0.9615,0.9504,0.8447,0.7677,6.3656,15,7,7,July,2024
15:59:25,2024-07-07,Solana,5,1547,91,1882,1428,259.8360337991446,463546440.0,579685597.0,0.0,SOL,137.61583229548896,2313017130.0,63791329148.0,0.9942,0.9615,0.9505,0.8447,0.7678,6.3661,15,7,7,July,2024
15:59:46,2024-07-07,Solana,5,1547,91,1882,1428,259.8360337991446,463546440.0,579685597.0,0.0,SOL,137.61510450760156,2312749942.0,63790991784.0,0.9942,0.9615,0.9505,0.8447,0.7678,6.366,15,7,7,July,2024
16:00:10,2024-07-07,Solana,5,1547,91,1882,1428,259.8360337991446,463546440.0,579685597.0,0.0,SOL,137.57431307294564,2313347362.0,63772083060.0,0.9939,0.9612,0.9502,0.8445,0.7676,6.3641,16,7,7,July,2024
16:00:29,2024-07-07,Solana,5,1547,91,1882,1428,259.8360337991446,463546440.0,579685597.0,0.0,SOL,137.57342285607206,2312927334.0,63771670403.0,0.9939,0.9612,0.9502,0.8445,0.7676,6.3641,16,7,7,July,2024
16:00:51,2024-07-07,Solana,5,1547,91,1882,1428,259.8360337991446,463546440.0,579685597.0,0.0,SOL,137.56353873054684,2312679282.0,63767088652.0,0.9945,0.9619,0.9511,0.8452,0.768,6.3735,16,7,7,July,2024
16:01:15,2024-07-07,Solana,5,1547,91,1882,1428,259.8360337991446,463546440.0,579685597.0,0.0,SOL,137.5516154879809,2312393723.0,63761561675.0,0.9944,0.9619,0.951,0.8451,0.7679,6.373,16,7,7,July,2024
16:01:38,2024-07-07,Solana,5,1547,91,1882,1428,259.8360337991446,463546440.0,579685597.0,0.0,SOL,137.54022040555705,2311355846.0,63756279525.0,0.9944,0.9618,0.9509,0.845,0.7679,6.3724,16,7,7,July,2024
16:02:08,2024-07-07,Solana,5,1547,91,1882,1428,259.8360337991446,463546440.0,579685597.0,0.0,SOL,137.51457650103777,2307230133.0,63744392385.0,0.9942,0.9616,0.9507,0.8449,0.7677,6.3713,16,7,7,July,2024
16:02:40,2024-07-07,Solana,5,1547,91,1881,1427,259.8360337991446,463546440.0,579685597.0,0.0,SOL,137.51435854109718,2306678364.0,63744291350.0,0.9942,0.9616,0.9507,0.8449,0.7677,6.3712,16,7,7,July,2024
16:03:26,2024-07-07,Solana,5,1547,91,1882,1427,259.8360337991446,463546440.0,579685597.0,0.0,SOL,137.46433951570413,2307721655.0,63721105209.0,0.9938,0.9612,0.9504,0.8445,0.7675,6.3689,16,7,7,July,2024
16:04:06,2024-07-07,Solana,5,1547,91,1882,1427,259.8360337991446,463546440.0,579685597.0,0.0,SOL,137.30955859469609,2306674974.0,63649357064.0,0.9927,0.9602,0.9493,0.8436,0.7666,6.3618,16,7,7,July,2024
16:04:40,2024-07-07,Solana,5,1547,91,1882,1427,259.8360337991446,463546440.0,579685597.0,0.0,SOL,137.28107109517785,2306907987.0,63636151785.0,0.9925,0.96,0.9491,0.8434,0.7664,6.3604,16,7,7,July,2024
16:05:06,2024-07-07,Solana,5,1547,91,1882,1427,259.8360337991446,463546440.0,579685597.0,0.0,SOL,137.20855086887622,2310211816.0,63602535292.0,0.992,0.9595,0.9486,0.843,0.766,6.3571,16,7,7,July,2024
16:05:40,2024-07-07,Solana,5,1547,91,1882,1427,259.8360337991446,463546440.0,579685597.0,0.0,SOL,137.23404710251634,2309842724.0,63614353981.0,0.9921,0.9596,0.9488,0.8431,0.7662,6.3583,16,7,7,July,2024
16:06:03,2024-07-07,Solana,5,1547,91,1882,1427,259.8360337991446,463546440.0,579685597.0,0.0,SOL,137.23708520513952,2309919217.0,63615762282.0,0.9941,0.9577,0.9491,0.8444,0.7656,6.3583,16,7,7,July,2024
16:06:31,2024-07-07,Solana,5,1547,91,1882,1427,259.8360337991446,463546440.0,579685597.0,0.0,SOL,137.23349056484315,2309300829.0,63614096000.0,0.9941,0.9576,0.9491,0.8444,0.7656,6.3581,16,7,7,July,2024
16:06:53,2024-07-07,Solana,5,1547,91,1882,1427,259.8360337991446,463546440.0,579685597.0,0.0,SOL,137.21212714840993,2308698765.0,63604193064.0,0.9939,0.9575,0.9489,0.8442,0.7655,6.3572,16,7,7,July,2024
16:07:17,2024-07-07,Solana,5,1547,91,1883,1428,259.8360337991446,463546440.0,579685597.0,0.0,SOL,137.21353198082778,2308329975.0,63604844269.0,0.9939,0.9575,0.9489,0.8442,0.7655,6.3572,16,7,7,July,2024
16:07:36,2024-07-07,Solana,5,1547,91,1883,1428,259.8360337991446,463546440.0,579685597.0,0.0,SOL,137.22062945580925,2307707354.0,63608134278.0,0.994,0.9576,0.949,0.8443,0.7656,6.3575,16,7,7,July,2024
16:08:04,2024-07-07,Solana,5,1547,91,1883,1428,259.8360337991446,463546440.0,579685597.0,0.0,SOL,137.23949390221338,2307569994.0,63616878825.0,0.9941,0.9577,0.9491,0.8444,0.7657,6.3584,16,7,7,July,2024
16:08:22,2024-07-07,Solana,5,1547,91,1883,1428,259.8360337991446,463546440.0,579685597.0,0.0,SOL,137.23985810719196,2307193652.0,63617047651.0,0.9941,0.9577,0.9491,0.8444,0.7657,6.3584,16,7,7,July,2024
16:08:43,2024-07-07,Solana,5,1547,91,1883,1428,259.8360337991446,463546440.0,579685597.0,0.0,SOL,137.26336290240107,2307220594.0,63627943215.0,0.9943,0.9579,0.9493,0.8446,0.7658,6.3595,16,7,7,July,2024
16:09:03,2024-07-07,Solana,5,1547,91,1883,1428,259.8360337991446,463546440.0,579685597.0,0.0,SOL,137.30819378172663,2307709185.0,63648724410.0,0.9946,0.9582,0.9496,0.8448,0.766,6.3616,16,7,7,July,2024
16:09:26,2024-07-07,Solana,5,1547,91,1884,1429,259.8360337991446,463546440.0,579685597.0,0.0,SOL,137.31157962372887,2307099018.0,63650293905.0,0.9946,0.9582,0.9496,0.8449,0.7661,6.3618,16,7,7,July,2024
16:09:50,2024-07-07,Solana,5,1547,91,1884,1429,259.8360337991446,463546440.0,579685597.0,0.0,SOL,137.32749942908907,2307346452.0,63657673474.0,0.9947,0.9583,0.9497,0.845,0.7661,6.3625,16,7,7,July,2024
16:10:11,2024-07-07,Solana,5,1547,91,1884,1429,259.8360337991446,463546440.0,579685597.0,0.0,SOL,137.34799709689185,2307837825.0,63667175095.0,0.9949,0.9584,0.9499,0.8451,0.7663,6.3634,16,7,7,July,2024
16:10:34,2024-07-07,Solana,5,1547,91,1884,1429,259.8360337991446,463546440.0,579685597.0,0.0,SOL,137.35159175995537,2307284386.0,63668841388.0,0.9949,0.9585,0.9499,0.8451,0.7663,6.3636,16,7,7,July,2024
16:10:59,2024-07-07,Solana,5,1547,91,1884,1429,259.8360337991446,463546440.0,579685597.0,0.0,SOL,137.35298686402314,2307692226.0,63669488084.0,0.9949,0.9585,0.9499,0.8451,0.7663,6.3637,16,7,7,July,2024
16:11:21,2024-07-07,Solana,5,1547,91,1884,1429,259.8360337991446,463546440.0,579685597.0,0.0,SOL,137.35347447513718,2307707916.0,63669714114.0,0.9944,0.9576,0.9489,0.8473,0.7663,6.3801,16,7,7,July,2024
16:11:43,2024-07-07,Solana,5,1547,91,1883,1428,259.8360337991446,463546440.0,579685597.0,0.0,SOL,137.3814133914081,2308267810.0,63682665099.0,0.9946,0.9578,0.949,0.8474,0.7664,6.3814,16,7,7,July,2024
16:12:04,2024-07-07,Solana,5,1547,91,1883,1428,259.8360337991446,463546440.0,579685597.0,0.0,SOL,137.39536348026127,2307518365.0,63689131613.0,0.9947,0.9579,0.9491,0.8475,0.7665,6.3821,16,7,7,July,2024
16:12:39,2024-07-07,Solana,5,1547,91,1883,1428,259.8360337991446,463546440.0,579685597.0,0.0,SOL,137.40155011626035,2306898027.0,63691999406.0,0.9947,0.9579,0.9492,0.8476,0.7666,6.3824,16,7,7,July,2024
16:13:01,2024-07-07,Solana,5,1547,91,1883,1428,259.8360337991446,463546440.0,579685597.0,0.0,SOL,137.46053315290536,2305623083.0,63719340783.0,0.9952,0.9583,0.9496,0.8479,0.7669,6.3851,16,7,7,July,2024
16:13:25,2024-07-07,Solana,5,1547,91,1883,1428,259.8360337991446,463546440.0,579685597.0,0.0,SOL,137.4679077106467,2305006722.0,63722759233.0,0.9952,0.9584,0.9496,0.848,0.7669,6.3854,16,7,7,July,2024
16:13:46,2024-07-07,Solana,5,1547,91,1883,1428,259.8360337991446,463546440.0,579685597.0,0.0,SOL,137.54410562593236,2306296392.0,63758080505.0,0.9958,0.9589,0.9502,0.8484,0.7674,6.389,16,7,7,July,2024
16:14:09,2024-07-07,Solana,5,1547,91,1883,1428,259.8360337991446,463546440.0,579685597.0,0.0,SOL,137.5837379852642,2307662514.0,63776451944.0,0.9961,0.9592,0.9504,0.8487,0.7676,6.3908,16,7,7,July,2024
16:14:29,2024-07-07,Solana,5,1547,91,1883,1428,259.8360337991446,463546440.0,579685597.0,0.0,SOL,137.58661491810625,2307395255.0,63777785536.0,0.9961,0.9592,0.9505,0.8487,0.7676,6.391,16,7,7,July,2024
16:14:52,2024-07-07,Solana,5,1547,91,1883,1428,259.8360337991446,463546440.0,579685597.0,0.0,SOL,137.6400953165409,2308529875.0,63802576185.0,0.9965,0.9596,0.9508,0.849,0.7679,6.3934,16,7,7,July,2024
16:15:18,2024-07-07,Solana,5,1547,91,1883,1428,259.8360337991446,463546440.0,579685597.0,0.0,SOL,137.7298296639471,2310054140.0,63844172222.0,0.9971,0.9602,0.9515,0.8496,0.7684,6.3976,16,7,7,July,2024
16:15:38,2024-07-07,Solana,5,1547,91,1883,1428,259.8360337991446,463546440.0,579685597.0,0.0,SOL,137.73210423116367,2309297846.0,63845226590.0,0.9971,0.9602,0.9515,0.8496,0.7684,6.3977,16,7,7,July,2024
16:16:06,2024-07-07,Solana,5,1547,91,1883,1428,259.8360337991446,463546440.0,579685597.0,0.0,SOL,137.7950474310917,2310568386.0,63874403686.0,0.9976,0.9607,0.9519,0.85,0.7688,6.4006,16,7,7,July,2024
16:16:29,2024-07-07,Solana,5,1547,91,1883,1428,259.8360337991446,463546440.0,579685597.0,0.0,SOL,137.82135647470068,2310265097.0,63886599149.0,0.9961,0.9591,0.9521,0.8508,0.768,6.4014,16,7,7,July,2024
16:16:51,2024-07-07,Solana,5,1547,91,1884,1429,259.8360337991446,463546440.0,579685597.0,0.0,SOL,137.87659127007223,2311118658.0,63912203042.0,0.9965,0.9595,0.9524,0.8512,0.7683,6.404,16,7,7,July,2024
16:17:11,2024-07-07,Solana,5,1547,91,1884,1429,259.8360337991446,463546440.0,579685597.0,0.0,SOL,137.87828592652286,2310603645.0,63912988594.0,0.9965,0.9595,0.9525,0.8512,0.7683,6.4041,16,7,7,July,2024
16:17:35,2024-07-07,Solana,5,1547,91,1885,1430,259.8360337991446,463546440.0,579685597.0,0.0,SOL,137.872071840067,2309931083.0,63910108076.0,0.9965,0.9594,0.9524,0.8512,0.7683,6.4038,16,7,7,July,2024
16:18:00,2024-07-07,Solana,5,1547,91,1885,1430,259.8360337991446,463546440.0,579685597.0,0.0,SOL,137.8389099326247,2309425582.0,63894735992.0,0.9963,0.9592,0.9522,0.8509,0.7681,6.4022,16,7,7,July,2024
16:18:20,2024-07-07,Solana,5,1547,91,1885,1430,259.8360337991446,463546440.0,579685597.0,0.0,SOL,137.84219118006774,2308825329.0,63896257003.0,0.9963,0.9592,0.9522,0.851,0.7681,6.4024,16,7,7,July,2024
16:18:43,2024-07-07,Solana,5,1547,91,1885,1430,259.8360337991446,463546440.0,579685597.0,0.0,SOL,137.86956587058674,2310258037.0,63908946443.0,0.9965,0.9594,0.9524,0.8511,0.7682,6.4037,16,7,7,July,2024
16:19:03,2024-07-07,Solana,5,1547,91,1885,1430,259.8360337991446,463546440.0,579685597.0,0.0,SOL,137.95299036456416,2310992721.0,63947617570.0,0.9971,0.96,0.953,0.8517,0.7687,6.4075,16,7,7,July,2024
16:19:26,2024-07-07,Solana,5,1547,91,1885,1430,259.8360337991446,463546440.0,579685597.0,0.0,SOL,137.9542289756604,2310206376.0,63948191724.0,0.9971,0.96,0.953,0.8517,0.7687,6.4076,16,7,7,July,2024
16:19:48,2024-07-07,Solana,5,1547,91,1885,1430,259.8360337991446,463546440.0,579685597.0,0.0,SOL,137.89972984710175,2309442244.0,63922928847.0,0.9967,0.9596,0.9526,0.8513,0.7684,6.4051,16,7,7,July,2024
16:20:13,2024-07-07,Solana,5,1547,91,1885,1430,259.8360337991446,463546440.0,579685597.0,0.0,SOL,137.93335239594253,2310841149.0,63938514460.0,0.9969,0.9599,0.9528,0.8515,0.7686,6.4066,16,7,7,July,2024
16:20:40,2024-07-07,Solana,5,1547,91,1885,1430,259.8360337991446,463546440.0,579685597.0,0.0,SOL,137.9339444451292,2310240823.0,63938788902.0,0.9975,0.9599,0.9521,0.8507,0.7685,6.4214,16,7,7,July,2024
16:21:00,2024-07-07,Solana,5,1547,91,1885,1430,259.8360337991446,463546440.0,579685597.0,0.0,SOL,137.92438622140796,2309796620.0,63934358222.0,0.9974,0.9599,0.952,0.8506,0.7685,6.421,16,7,7,July,2024
16:21:22,2024-07-07,Solana,5,1547,91,1885,1430,259.8360337991446,463546440.0,579685597.0,0.0,SOL,137.92341313499577,2309541642.0,63933907151.0,0.9974,0.9599,0.952,0.8506,0.7685,6.4209,16,7,7,July,2024
16:21:49,2024-07-07,Solana,5,1547,91,1885,1430,259.8360337991446,463546440.0,579685597.0,0.0,SOL,137.80075137979833,2307538328.0,63877047731.0,0.9965,0.959,0.9512,0.8499,0.7678,6.4152,16,7,7,July,2024
16:22:12,2024-07-07,Solana,5,1547,91,1885,1430,259.8360337991446,463546440.0,579685597.0,0.0,SOL,137.71178995279502,2307444678.0,63835809978.0,0.9959,0.9584,0.9506,0.8493,0.7673,6.4111,16,7,7,July,2024
16:22:35,2024-07-07,Solana,5,1547,91,1885,1430,259.8360337991446,463546440.0,579685597.0,0.0,SOL,137.7020816982003,2306861140.0,63831309751.0,0.9958,0.9583,0.9505,0.8493,0.7672,6.4106,16,7,7,July,2024
16:22:59,2024-07-07,Solana,5,1547,91,1884,1429,259.8360337991446,463546440.0,579685597.0,0.0,SOL,137.7003143195279,2307241574.0,63830490489.0,0.9958,0.9583,0.9505,0.8493,0.7672,6.4106,16,7,7,July,2024
16:23:20,2024-07-07,Solana,5,1547,91,1884,1429,259.8360337991446,463546440.0,579685597.0,0.0,SOL,137.70623809967145,2306746245.0,63833236436.0,0.9958,0.9584,0.9505,0.8493,0.7673,6.4108,16,7,7,July,2024
16:23:41,2024-07-07,Solana,5,1547,91,1884,1429,259.8360337991446,463546440.0,579685597.0,0.0,SOL,137.71716584337665,2306899925.0,63838301953.0,0.9959,0.9584,0.9506,0.8494,0.7673,6.4113,16,7,7,July,2024
16:24:02,2024-07-07,Solana,5,1547,91,1884,1429,259.8360337991446,463546440.0,579685597.0,0.0,SOL,137.83242884407963,2309310246.0,63891731707.0,0.9968,0.9592,0.9514,0.8501,0.768,6.4167,16,7,7,July,2024
16:24:25,2024-07-07,Solana,5,1547,91,1884,1429,259.8360337991446,463546440.0,579685597.0,0.0,SOL,137.835367516726,2308816222.0,63893093918.0,0.9968,0.9593,0.9514,0.8501,0.768,6.4168,16,7,7,July,2024
16:24:50,2024-07-07,Solana,5,1547,91,1883,1428,259.8360337991446,463546440.0,579685597.0,0.0,SOL,137.8924326263747,2309675936.0,63919546246.0,0.9972,0.9597,0.9518,0.8505,0.7683,6.4195,16,7,7,July,2024
16:25:13,2024-07-07,Solana,5,1547,91,1883,1428,259.8360337991446,463546440.0,579685597.0,0.0,SOL,137.93002406433567,2312123202.0,63936971624.0,0.9975,0.9599,0.9521,0.8507,0.7685,6.4212,16,7,7,July,2024
16:25:36,2024-07-07,Solana,5,1547,91,1882,1427,259.8360337991446,463546440.0,579685597.0,0.0,SOL,137.9410347272563,2312255583.0,63942075577.0,0.9975,0.96,0.9521,0.8508,0.7686,6.4218,16,7,7,July,2024
16:25:58,2024-07-07,Solana,5,1547,91,1882,1427,259.8360337991446,463546440.0,579685597.0,0.0,SOL,137.93182115023876,2312518359.0,63937804656.0,1.0005,0.9606,0.9497,0.8476,0.7687,6.3988,16,7,7,July,2024
16:26:33,2024-07-07,Solana,5,1547,91,1882,1427,259.8360337991446,463546440.0,579685597.0,0.0,SOL,137.92798582953787,2311060808.0,63936026807.0,1.0005,0.9606,0.9496,0.8476,0.7687,6.3987,16,7,7,July,2024
16:26:57,2024-07-07,Solana,5,1547,91,1882,1427,259.8360337991446,463546440.0,579685597.0,0.0,SOL,137.8778473820089,2310448145.0,63912785308.0,1.0001,0.9602,0.9493,0.8473,0.7684,6.3963,16,7,7,July,2024
16:27:21,2024-07-07,Solana,5,1547,91,1882,1427,259.8360337991446,463546440.0,579685597.0,0.0,SOL,137.8778473820089,2310448145.0,63912785308.0,1.0001,0.9602,0.9493,0.8473,0.7684,6.3963,16,7,7,July,2024
16:27:57,2024-07-07,Solana,5,1547,91,1882,1427,259.8360337991446,463546440.0,579685597.0,0.0,SOL,137.86886177938976,2309431193.0,63908620064.0,1.0001,0.9602,0.9492,0.8472,0.7684,6.3959,16,7,7,July,2024
16:28:21,2024-07-07,Solana,5,1547,91,1882,1427,259.8360337991446,463546440.0,579685597.0,0.0,SOL,137.86929523797272,2308742183.0,63908820992.0,1.0001,0.9602,0.9492,0.8472,0.7684,6.3959,16,7,7,July,2024
16:28:43,2024-07-07,Solana,5,1547,91,1882,1427,259.8360337991446,463546440.0,579685597.0,0.0,SOL,137.86478004269406,2308290804.0,63906727990.0,1.0,0.9602,0.9492,0.8472,0.7683,6.3957,16,7,7,July,2024
16:29:05,2024-07-07,Solana,5,1547,91,1882,1427,259.8360337991446,463546440.0,579685597.0,0.0,SOL,137.8656656224187,2307937516.0,63907138497.0,1.0,0.9602,0.9492,0.8472,0.7683,6.3958,16,7,7,July,2024
16:29:38,2024-07-07,Solana,5,1547,91,1882,1427,259.8360337991446,463546440.0,579685597.0,0.0,SOL,137.85453812675655,2307465200.0,63901980386.0,1.0,0.9601,0.9491,0.8471,0.7683,6.3953,16,7,7,July,2024
16:29:59,2024-07-07,Solana,5,1547,91,1882,1427,259.8360337991446,463546440.0,579685597.0,0.0,SOL,137.70220767305938,2304942848.0,63831368146.0,0.9989,0.959,0.9481,0.8462,0.7674,6.3882,16,7,7,July,2024
16:30:42,2024-07-07,Solana,5,1547,91,1882,1427,259.8360337991446,463546440.0,579685597.0,0.0,SOL,137.57697723890783,2303400338.0,63773318025.0,0.998,0.9581,0.9472,0.8454,0.7667,6.3824,16,7,7,July,2024
16:31:10,2024-07-07,Solana,5,1547,91,1882,1427,259.8360337991446,463546440.0,579685597.0,0.0,SOL,137.47228725583398,2305636625.0,63724789356.0,0.9975,0.9579,0.9445,0.8447,0.7658,6.3668,16,7,7,July,2024
16:31:36,2024-07-07,Solana,5,1547,91,1882,1427,259.8360337991446,463546440.0,579685597.0,0.0,SOL,137.47264604850838,2305401926.0,63724955673.0,0.9975,0.9579,0.9445,0.8447,0.7658,6.3669,16,7,7,July,2024
16:32:00,2024-07-07,Solana,5,1547,91,1882,1427,259.8360337991446,463546440.0,579685597.0,0.0,SOL,137.50084571772155,2306593038.0,63738027529.0,0.9977,0.9581,0.9447,0.8449,0.766,6.3682,16,7,7,July,2024
16:32:24,2024-07-07,Solana,5,1547,91,1882,1427,259.8360337991446,463546440.0,579685597.0,0.0,SOL,137.50188088505635,2305862816.0,63738507377.0,0.9977,0.9581,0.9447,0.8449,0.766,6.3682,16,7,7,July,2024
16:32:44,2024-07-07,Solana,5,1547,91,1883,1428,259.8360337991446,463546440.0,579685597.0,0.0,SOL,137.50288774842574,2305411181.0,63738974105.0,0.9977,0.9581,0.9447,0.8449,0.766,6.3683,16,7,7,July,2024
16:33:14,2024-07-07,Solana,5,1547,91,1883,1428,259.8360337991446,463546440.0,579685597.0,0.0,SOL,137.5315985763065,2305801385.0,63752282907.0,0.9979,0.9583,0.9449,0.8451,0.7662,6.3696,16,7,7,July,2024
16:33:35,2024-07-07,Solana,5,1547,91,1883,1428,259.8360337991446,463546440.0,579685597.0,0.0,SOL,137.5380928470681,2305657759.0,63755293303.0,0.9979,0.9583,0.9449,0.8451,0.7662,6.3699,16,7,7,July,2024
16:33:56,2024-07-07,Solana,5,1547,91,1883,1428,259.8360337991446,463546440.0,579685597.0,0.0,SOL,137.54437736376673,2306003294.0,63758206468.0,0.998,0.9584,0.945,0.8452,0.7662,6.3702,16,7,7,July,2024
16:34:17,2024-07-07,Solana,5,1547,91,1883,1428,259.8360337991446,463546440.0,579685597.0,0.0,SOL,137.54740647208033,2305417419.0,63759610601.0,0.998,0.9584,0.945,0.8452,0.7663,6.3703,16,7,7,July,2024
16:34:42,2024-07-07,Solana,5,1547,91,1883,1428,259.8360337991446,463546440.0,579685597.0,0.0,SOL,137.53708985550213,2305070433.0,63754828370.0,0.9979,0.9583,0.9449,0.8451,0.7662,6.3698,16,7,7,July,2024
16:35:03,2024-07-07,Solana,5,1547,91,1883,1428,259.8360337991446,463546440.0,579685597.0,0.0,SOL,137.4761767270419,2307933874.0,63726592306.0,0.9975,0.9579,0.9445,0.8448,0.7659,6.367,16,7,7,July,2024
16:35:25,2024-07-07,Solana,5,1547,91,1883,1428,259.8360337991446,463546440.0,579685597.0,0.0,SOL,137.46988317039597,2307260403.0,63723674950.0,0.9979,0.9578,0.9468,0.8425,0.7661,6.3517,16,7,7,July,2024
16:35:50,2024-07-07,Solana,5,1547,91,1883,1428,259.8360337991446,463546440.0,579685597.0,0.0,SOL,137.42042028328916,2306929690.0,63700746605.0,0.9975,0.9575,0.9465,0.8422,0.7658,6.3495,16,7,7,July,2024
16:36:12,2024-07-07,Solana,5,1547,91,1883,1428,259.8360337991446,463546440.0,579685597.0,0.0,SOL,137.41303956263636,2306372401.0,63697325298.0,0.9975,0.9574,0.9464,0.8422,0.7658,6.3491,16,7,7,July,2024
16:36:34,2024-07-07,Solana,5,1547,91,1884,1429,259.8360337991446,463546440.0,579685597.0,0.0,SOL,137.4155098522592,2305837246.0,63698470392.0,0.9975,0.9574,0.9464,0.8422,0.7658,6.3492,16,7,7,July,2024
16:36:57,2024-07-07,Solana,5,1547,91,1884,1429,259.8360337991446,463546440.0,579685597.0,0.0,SOL,137.45774898389354,2306211573.0,63718050191.0,0.9978,0.9577,0.9467,0.8424,0.766,6.3512,16,7,7,July,2024
16:37:19,2024-07-07,Solana,5,1547,91,1884,1429,259.8360337991446,463546440.0,579685597.0,0.0,SOL,137.4581048371748,2305629511.0,63718215146.0,0.9978,0.9577,0.9467,0.8425,0.766,6.3512,16,7,7,July,2024
16:37:45,2024-07-07,Solana,5,1547,91,1884,1429,259.8360337991446,463546440.0,579685597.0,0.0,SOL,137.4329705212465,2305135791.0,63706564223.0,0.9976,0.9576,0.9466,0.8423,0.7659,6.35,16,7,7,July,2024
16:38:11,2024-07-07,Solana,5,1547,91,1884,1429,259.8360337991446,463546440.0,579685597.0,0.0,SOL,137.4243634526347,2304605611.0,63702574447.0,0.9976,0.9575,0.9465,0.8422,0.7658,6.3496,16,7,7,July,2024
16:38:28,2024-07-07,Solana,5,1547,91,1884,1429,259.8360337991446,463546440.0,579685597.0,0.0,SOL,137.42420071063992,2304453780.0,63702499009.0,0.9976,0.9575,0.9465,0.8422,0.7658,6.3496,16,7,7,July,2024
16:38:48,2024-07-07,Solana,5,1547,91,1884,1429,259.8360337991446,463546440.0,579685597.0,0.0,SOL,137.43448343025256,2304300525.0,63707265527.0,0.9977,0.9576,0.9466,0.8423,0.7659,6.3501,16,7,7,July,2024
16:39:11,2024-07-07,Solana,5,1547,91,1884,1429,259.8360337991446,463545517.0,579684932.0,0.0,SOL,137.43379553552086,2304017526.0,63706819804.0,0.9976,0.9576,0.9466,0.8423,0.7659,6.3501,16,7,7,July,2024
16:39:33,2024-07-07,Solana,5,1547,91,1884,1429,259.8360337991446,463545517.0,579684932.0,0.0,SOL,137.4355201853169,2303419366.0,63707619258.0,0.9977,0.9576,0.9466,0.8423,0.7659,6.3502,16,7,7,July,2024
16:40:00,2024-07-07,Solana,5,1547,91,1884,1429,259.8360337991446,463545517.0,579684932.0,0.0,SOL,137.39848057601304,2302765705.0,63690449713.0,0.9974,0.9573,0.9463,0.8421,0.7657,6.3484,16,7,7,July,2024
16:40:20,2024-07-07,Solana,5,1547,91,1884,1429,259.8360337991446,463545517.0,579684932.0,0.0,SOL,137.3854551045502,2303900902.0,63684411814.0,0.9973,0.9572,0.9462,0.842,0.7656,6.3478,16,7,7,July,2024
16:40:42,2024-07-07,Solana,5,1547,91,1885,1430,259.8360337991446,463545517.0,579684932.0,0.0,SOL,137.37736287039934,2303417696.0,63680660695.0,0.9972,0.9572,0.9462,0.842,0.7656,6.3475,16,7,7,July,2024
16:41:05,2024-07-07,Solana,5,1547,91,1885,1430,259.8360337991446,463545517.0,579684932.0,0.0,SOL,137.35933009218223,2303049297.0,63672301682.0,0.9964,0.9575,0.9478,0.8422,0.7651,6.3478,16,7,7,July,2024
16:41:31,2024-07-07,Solana,5,1547,91,1885,1430,259.8360337991446,463545517.0,579684932.0,0.0,SOL,137.35794386828562,2302521186.0,63671659104.0,0.9964,0.9575,0.9478,0.8422,0.7651,6.3477,16,7,7,July,2024
16:42:01,2024-07-07,Solana,5,1547,91,1884,1429,259.8360337991446,463545517.0,579684932.0,0.0,SOL,137.388403527427,2306236343.0,63685778542.0,0.9966,0.9577,0.948,0.8424,0.7653,6.3491,16,7,7,July,2024
16:42:24,2024-07-07,Solana,5,1547,91,1884,1429,259.8360337991446,463545517.0,579684932.0,0.0,SOL,137.38634949988892,2305398462.0,63684826407.0,0.9966,0.9577,0.948,0.8424,0.7653,6.349,16,7,7,July,2024
16:42:43,2024-07-07,Solana,5,1547,91,1884,1429,259.8360337991446,463545517.0,579684932.0,0.0,SOL,137.37252495810282,2304783662.0,63678418103.0,0.9965,0.9576,0.9479,0.8423,0.7652,6.3484,16,7,7,July,2024
16:43:03,2024-07-07,Solana,5,1547,91,1884,1429,259.8360337991446,463545517.0,579684932.0,0.0,SOL,137.30290654681068,2303498683.0,63646146800.0,0.996,0.9571,0.9474,0.8419,0.7648,6.3452,16,7,7,July,2024
16:43:24,2024-07-07,Solana,5,1547,91,1884,1429,259.8360337991446,463545517.0,579684932.0,0.0,SOL,137.29754551884017,2302880005.0,63643661720.0,0.9959,0.9571,0.9474,0.8419,0.7648,6.3449,16,7,7,July,2024
16:43:48,2024-07-07,Solana,5,1547,91,1884,1429,259.8360337991446,463545517.0,579684932.0,0.0,SOL,137.33534721297886,2303909500.0,63661184526.0,0.9962,0.9573,0.9477,0.8421,0.765,6.3467,16,7,7,July,2024
16:44:08,2024-07-07,Solana,5,1547,91,1883,1428,259.8360337991446,463545517.0,579684932.0,0.0,SOL,137.34379042963116,2304206000.0,63665098341.0,0.9963,0.9574,0.9477,0.8421,0.765,6.3471,16,7,7,July,2024
16:44:33,2024-07-07,Solana,5,1547,91,1883,1428,259.8360337991446,463545517.0,579684932.0,0.0,SOL,137.3414577277842,2303499058.0,63664017027.0,0.9963,0.9574,0.9477,0.8421,0.765,6.347,16,7,7,July,2024
16:44:52,2024-07-07,Solana,5,1547,91,1883,1428,259.8360337991446,463545517.0,579684932.0,0.0,SOL,137.35788507514334,2302910555.0,63671631851.0,0.9964,0.9575,0.9478,0.8422,0.7651,6.3477,16,7,7,July,2024
16:45:18,2024-07-07,Solana,5,1547,91,1883,1428,259.8360337991446,463545517.0,579684932.0,0.0,SOL,137.37616811890112,2304399445.0,63680106874.0,0.9965,0.9576,0.948,0.8423,0.7652,6.3486,16,7,7,July,2024
16:45:39,2024-07-07,Solana,5,1547,91,1883,1428,259.8360337991446,463545517.0,579684932.0,0.0,SOL,137.38077722024534,2304136179.0,63682243402.0,0.9965,0.9576,0.948,0.8424,0.7652,6.3488,16,7,7,July,2024
16:45:59,2024-07-07,Solana,5,1547,91,1883,1428,259.8360337991446,463545517.0,579684932.0,0.0,SOL,137.3922713195028,2302846245.0,63687571440.0,0.9969,0.9603,0.9474,0.8414,0.763,6.3388,16,7,7,July,2024
16:46:21,2024-07-07,Solana,5,1547,91,1883,1428,259.8360337991446,463545517.0,579684932.0,0.0,SOL,137.39342447467698,2302478632.0,63688105980.0,0.9969,0.9603,0.9474,0.8414,0.763,6.3389,16,7,7,July,2024
