Time,Date,Name,Rank,Age,Exchanges,Markets,Pairs,All_Time_High,Circulating_Supply,Total_Supply,Max_Supply,Code,Rate,Volume,Cap,Delta_Hour_Change,Delta_Day_Change,Delta_Week_Change,Delta_Month_Change,Delta_Quarter_Change,Delta_Year_Change,Hour,Day,Month_Number,Month_Name,Year
15:46:48,2024-07-06,Tether,3,3418,320,18784,4949,1.08372533074166,112223789756.0,112223789756.0,,USDT,1.0018422564758127,42108317563.0,112430534759.0,1.0,1.0015,1.0027,1.0025,1.0002,1.0042,15,6,7,July,2024
15:48:43,2024-07-06,Tether,3,3418,320,18784,4949,1.08372533074166,112223789756.0,112223789756.0,,USDT,1.0018390385160771,42122938538.0,112430173627.0,1.0,1.0015,1.0027,1.0025,1.0002,1.0042,15,6,7,July,2024
17:33:59,2024-07-06,Tether,3,3418,319,18788,4947,1.08372533074166,112223789756.0,112223789756.0,0.0,USDT,1.0016168030013801,41980952158.0,112405233516.0,0.9998,1.001,1.0026,1.0023,0.9998,1.004,17,6,7,July,2024
17:36:10,2024-07-06,Tether,3,3418,319,18786,4945,1.08372533074166,112223789756.0,112223789756.0,0.0,USDT,1.0016280638877884,42027634582.0,112406497255.0,0.9999,1.001,1.0026,1.0023,0.9999,1.004,17,6,7,July,2024
18:09:03,2024-07-06,Tether,3,3418,319,18780,4940,1.08372533074166,112223789756.0,112223789756.0,0.0,USDT,1.0017326800964192,41825161125.0,112418237682.0,1.0,1.0012,1.0028,1.0023,0.9997,1.004,18,6,7,July,2024
18:11:17,2024-07-06,Tether,3,3418,319,18779,4940,1.08372533074166,112223789756.0,112223789756.0,0.0,USDT,1.0017056726408948,41842162404.0,112415206803.0,1.0001,1.0011,1.0027,1.0023,0.9997,1.0035,18,6,7,July,2024
00:54:01,2024-07-07,Tether,3,3419,319,18652,4896,1.08372533074166,112223789756.0,112223789756.0,0.0,USDT,1.0017935157552433,40681256916.0,112425064891.0,0.9999,0.9995,1.0028,1.0016,0.9999,1.0036,0,7,7,July,2024
01:04:06,2024-07-07,Tether,3,3419,319,18654,4897,1.08372533074166,112223789756.0,112223789756.0,0.0,USDT,1.0017817333327903,40710405748.0,112423742622.0,1.0,0.9995,1.0028,1.0017,0.9999,1.0036,1,7,7,July,2024
01:05:18,2024-07-07,Tether,3,3419,319,18654,4897,1.08372533074166,112223789756.0,112223789756.0,0.0,USDT,1.001798484256542,40667363468.0,112425622475.0,1.0,0.9995,1.0028,1.0017,1.0,1.0036,1,7,7,July,2024
01:05:39,2024-07-07,Tether,3,3419,319,18655,4897,1.08372533074166,112223789756.0,112223789756.0,0.0,USDT,1.0017947881474627,40651384815.0,112425207683.0,1.0,0.9995,1.0028,1.0017,0.9999,1.0036,1,7,7,July,2024
01:06:02,2024-07-07,Tether,3,3419,319,18655,4897,1.08372533074166,112223789756.0,112223789756.0,0.0,USDT,1.001787860718074,40632596164.0,112424430261.0,1.0,0.9995,1.0028,1.0017,1.0,1.0036,1,7,7,July,2024
01:06:25,2024-07-07,Tether,3,3419,319,18655,4897,1.08372533074166,112223789756.0,112223789756.0,0.0,USDT,1.001787001295159,40615963945.0,112424333813.0,1.0,0.9995,1.0028,1.0017,1.0,1.0036,1,7,7,July,2024
01:06:47,2024-07-07,Tether,3,3419,319,18655,4897,1.08372533074166,112223789756.0,112223789756.0,0.0,USDT,1.001775078051681,40603019108.0,112422995742.0,1.0,0.9994,1.0028,1.0017,1.0,1.0036,1,7,7,July,2024
01:07:11,2024-07-07,Tether,3,3419,319,18655,4897,1.08372533074166,112223789756.0,112223789756.0,0.0,USDT,1.0017561714115586,40590703528.0,112420873967.0,0.9999,0.9994,1.0028,1.0017,1.0,1.0036,1,7,7,July,2024
01:07:32,2024-07-07,Tether,3,3419,319,18655,4897,1.08372533074166,112223789756.0,112223789756.0,0.0,USDT,1.0017633676284863,40580605607.0,112421681554.0,1.0,0.9994,1.0028,1.0017,1.0,1.0036,1,7,7,July,2024
01:07:56,2024-07-07,Tether,3,3419,319,18655,4897,1.08372533074166,112223789756.0,112223789756.0,0.0,USDT,1.0017634013027392,40582526796.0,112421685333.0,1.0,0.9994,1.0028,1.0017,1.0,1.0036,1,7,7,July,2024
01:08:16,2024-07-07,Tether,3,3419,319,18654,4897,1.08372533074166,112223789756.0,112223789756.0,0.0,USDT,1.0017696562455771,40563139825.0,112422387286.0,1.0,0.9994,1.0028,1.0017,1.0,1.0036,1,7,7,July,2024
01:08:40,2024-07-07,Tether,3,3419,319,18654,4897,1.08372533074166,112223789756.0,112223789756.0,0.0,USDT,1.001793862147342,40575411077.0,112425103764.0,1.0,0.9995,1.0028,1.0017,1.0,1.0036,1,7,7,July,2024
01:09:02,2024-07-07,Tether,3,3419,319,18654,4897,1.08372533074166,112223789756.0,112223789756.0,0.0,USDT,1.0017781903372125,40569485119.0,112423345014.0,1.0,0.9994,1.0028,1.0017,1.0,1.0036,1,7,7,July,2024
01:09:27,2024-07-07,Tether,3,3419,319,18654,4897,1.08372533074166,112223789756.0,112223789756.0,0.0,USDT,1.0017733853163848,40588230610.0,112422805776.0,1.0,0.9994,1.0028,1.0017,1.0,1.0036,1,7,7,July,2024
01:10:00,2024-07-07,Tether,3,3419,319,18654,4897,1.08372533074166,112223789756.0,112223789756.0,0.0,USDT,1.0017521158073772,40589719257.0,112420418831.0,0.9999,0.9994,1.0028,1.0016,0.9999,1.0036,1,7,7,July,2024
01:11:15,2024-07-07,Tether,3,3419,319,18655,4897,1.08372533074166,112223789756.0,112223789756.0,0.0,USDT,1.001666476823954,40659303132.0,112410808100.0,0.9998,0.9993,1.0027,1.0016,1.0,1.0035,1,7,7,July,2024
01:11:40,2024-07-07,Tether,3,3419,319,18655,4897,1.08372533074166,112223789756.0,112223789756.0,0.0,USDT,1.0017404908658558,40720564988.0,112419114237.0,0.9999,0.9994,1.0028,1.0016,1.0001,1.0036,1,7,7,July,2024
01:11:57,2024-07-07,Tether,3,3419,319,18654,4896,1.08372533074166,112223789756.0,112223789756.0,0.0,USDT,1.0017403179525357,40714636103.0,112419094832.0,0.9999,0.9994,1.0028,1.0016,1.0001,1.0036,1,7,7,July,2024
01:12:21,2024-07-07,Tether,3,3419,319,18654,4896,1.08372533074166,112223789756.0,112223789756.0,0.0,USDT,1.0017112670458483,40746025382.0,112415834629.0,0.9998,0.9994,1.0027,1.0016,1.0,1.0035,1,7,7,July,2024
01:12:45,2024-07-07,Tether,3,3419,319,18654,4896,1.08372533074166,112223789756.0,112223789756.0,0.0,USDT,1.0017033987175552,40745291148.0,112414951615.0,0.9998,0.9994,1.0027,1.0016,1.0,1.0035,1,7,7,July,2024
01:13:12,2024-07-07,Tether,3,3419,319,18654,4896,1.08372533074166,112223789756.0,112223789756.0,0.0,USDT,1.001720872918457,40782017830.0,112416912636.0,0.9998,0.9994,1.0028,1.0016,1.0001,1.0035,1,7,7,July,2024
01:13:56,2024-07-07,Tether,3,3419,319,18654,4896,1.08372533074166,112223789756.0,112223789756.0,0.0,USDT,1.0017404241738723,40788890644.0,112419106752.0,0.9999,0.9994,1.0028,1.0016,1.0001,1.0036,1,7,7,July,2024
01:14:18,2024-07-07,Tether,3,3419,319,18653,4896,1.08372533074166,112223789756.0,112223789756.0,0.0,USDT,1.001737965042727,40802138950.0,112418830779.0,0.9999,0.9994,1.0028,1.0016,1.0001,1.0035,1,7,7,July,2024
01:14:39,2024-07-07,Tether,3,3419,319,18654,4897,1.08372533074166,112223789756.0,112223789756.0,0.0,USDT,1.0017349627959502,40802862036.0,112418493856.0,0.9999,0.9994,1.0028,1.0016,1.0001,1.0035,1,7,7,July,2024
01:15:01,2024-07-07,Tether,3,3419,319,18654,4897,1.08372533074166,112223789756.0,112223789756.0,0.0,USDT,1.0017262665178384,40800516620.0,112417517926.0,0.9998,0.9994,1.0028,1.0016,1.0001,1.0035,1,7,7,July,2024
01:16:34,2024-07-07,Tether,3,3419,319,18654,4897,1.08372533074166,112223789756.0,112223789756.0,0.0,USDT,1.0017508850993408,40902747728.0,112420280717.0,0.9999,0.9994,1.0028,1.0016,1.0,1.0035,1,7,7,July,2024
01:16:56,2024-07-07,Tether,3,3419,319,18653,4897,1.08372533074166,112223789756.0,112223789756.0,0.0,USDT,1.0017544838256514,40901246297.0,112420684579.0,0.9999,0.9994,1.0028,1.0016,1.0,1.0036,1,7,7,July,2024
01:17:19,2024-07-07,Tether,3,3419,319,18653,4897,1.08372533074166,112223789756.0,112223789756.0,0.0,USDT,1.001729987963736,40935117427.0,112417935561.0,0.9999,0.9994,1.0028,1.0016,1.0,1.0035,1,7,7,July,2024
01:17:42,2024-07-07,Tether,3,3419,319,18653,4897,1.08372533074166,112223789756.0,112223789756.0,0.0,USDT,1.0017137150635071,40935156716.0,112416109354.0,0.9998,0.9994,1.0028,1.0016,1.0,1.0035,1,7,7,July,2024
01:18:23,2024-07-07,Tether,3,3419,319,18652,4897,1.08372533074166,112223789756.0,112223789756.0,0.0,USDT,1.0017084152958775,40957739723.0,112415514594.0,0.9998,0.9994,1.0028,1.0016,1.0,1.0035,1,7,7,July,2024
01:20:00,2024-07-07,Tether,3,3419,319,18652,4897,1.08372533074166,112223789756.0,112223789756.0,0.0,USDT,1.0017403914869416,40958020877.0,112419103084.0,0.9999,0.9994,1.0028,1.0016,1.0,1.0035,1,7,7,July,2024
01:30:05,2024-07-07,Tether,3,3419,319,18652,4897,1.08372533074166,112223789756.0,112223789756.0,0.0,USDT,1.0017403914869416,40958020877.0,112419103084.0,0.9999,0.9994,1.0028,1.0016,1.0,1.0035,1,7,7,July,2024
01:30:37,2024-07-07,Tether,3,3419,319,18643,4894,1.08372533074166,112223789756.0,112223789756.0,0.0,USDT,1.0016904038781722,40993815026.0,112413493285.0,1.0,0.9994,1.0027,1.0015,1.0001,1.0035,1,7,7,July,2024
01:30:58,2024-07-07,Tether,3,3419,319,18643,4894,1.08372533074166,112223789756.0,112223789756.0,0.0,USDT,1.0016904038781722,40993815026.0,112413493285.0,1.0,0.9994,1.0027,1.0015,1.0001,1.0035,1,7,7,July,2024
01:31:20,2024-07-07,Tether,3,3419,319,18642,4894,1.08372533074166,112223789756.0,112223789756.0,0.0,USDT,1.0016896806111562,41008568717.0,112413412117.0,1.0,0.9994,1.0027,1.0015,1.0,1.0035,1,7,7,July,2024
01:31:54,2024-07-07,Tether,3,3419,319,18641,4894,1.08372533074166,112223789756.0,112223789756.0,0.0,USDT,1.0017166176611698,41025599979.0,112416435095.0,1.0,0.9994,1.0027,1.0015,1.0001,1.0035,1,7,7,July,2024
01:32:37,2024-07-07,Tether,3,3419,319,18641,4894,1.08372533074166,112223789756.0,112223789756.0,0.0,USDT,1.0017289601575237,41058521003.0,112417820217.0,1.0,0.9994,1.0028,1.0015,1.0001,1.0035,1,7,7,July,2024
01:44:38,2024-07-07,Tether,3,3419,319,18635,4891,1.08372533074166,112223789756.0,112223789756.0,0.0,USDT,1.0017280340024486,40966655555.0,112417716280.0,0.9998,0.9994,1.0028,1.0015,1.0001,1.0035,1,7,7,July,2024
01:44:47,2024-07-07,Tether,3,3419,319,18635,4891,1.08372533074166,112223789756.0,112223789756.0,0.0,USDT,1.0017246501244894,40975985985.0,112417336528.0,0.9998,0.9994,1.0028,1.0015,1.0001,1.0035,1,7,7,July,2024
01:44:55,2024-07-07,Tether,3,3419,319,18634,4891,1.08372533074166,112223789756.0,112223789756.0,0.0,USDT,1.0017307406905516,40969566863.0,112418020035.0,0.9998,0.9994,1.0028,1.0015,1.0001,1.0035,1,7,7,July,2024
01:46:33,2024-07-07,Tether,3,3419,319,18634,4891,1.08372533074166,112223789756.0,112223789756.0,0.0,USDT,1.001701231051807,40979319245.0,112414708351.0,0.9998,0.9993,1.0027,1.0015,1.0001,1.0035,1,7,7,July,2024
01:46:56,2024-07-07,Tether,3,3419,319,18634,4891,1.08372533074166,112223789756.0,112223789756.0,0.0,USDT,1.0017012308895172,40971423169.0,112414708333.0,0.9998,0.9993,1.0027,1.0015,1.0001,1.0035,1,7,7,July,2024
01:47:19,2024-07-07,Tether,3,3419,319,18634,4891,1.08372533074166,112223789756.0,112223789756.0,0.0,USDT,1.0017025203629066,40978713606.0,112414853043.0,0.9998,0.9993,1.0027,1.0015,1.0001,1.0035,1,7,7,July,2024
01:47:39,2024-07-07,Tether,3,3419,319,18634,4891,1.08372533074166,112223789756.0,112223789756.0,0.0,USDT,1.0017140538602083,40976257403.0,112416147376.0,0.9998,0.9993,1.0028,1.0015,1.0001,1.0035,1,7,7,July,2024
01:48:11,2024-07-07,Tether,3,3419,319,18634,4891,1.08372533074166,112223789756.0,112223789756.0,0.0,USDT,1.0017111159797476,40980033842.0,112415817675.0,0.9998,0.9993,1.0028,1.0015,1.0001,1.0035,1,7,7,July,2024
01:49:50,2024-07-07,Tether,3,3419,319,18633,4891,1.08372533074166,112223789756.0,112223789756.0,0.0,USDT,1.001726284389331,40962358220.0,112417519932.0,0.9999,0.9993,1.0028,1.0015,1.0001,1.0035,1,7,7,July,2024
01:50:14,2024-07-07,Tether,3,3419,319,18631,4890,1.08372533074166,112223789756.0,112223789756.0,0.0,USDT,1.001729793837485,40979782181.0,112417913775.0,0.9999,0.9994,1.0028,1.0015,1.0001,1.0035,1,7,7,July,2024
01:50:35,2024-07-07,Tether,3,3419,319,18631,4890,1.08372533074166,112223789756.0,112223789756.0,0.0,USDT,1.0017119324773587,40973934040.0,112415909306.0,0.9998,0.9993,1.0028,1.0015,1.0001,1.0035,1,7,7,July,2024
01:50:58,2024-07-07,Tether,3,3419,319,18631,4890,1.08372533074166,112223789756.0,112223789756.0,0.0,USDT,1.001701883970693,40979594425.0,112414781624.0,0.9998,0.9993,1.0027,1.0015,1.0001,1.0035,1,7,7,July,2024
01:51:20,2024-07-07,Tether,3,3419,319,18631,4890,1.08372533074166,112223789756.0,112223789756.0,0.0,USDT,1.0017259516186319,41049596979.0,112417482587.0,0.9999,0.9994,1.0028,1.0016,1.0001,1.0035,1,7,7,July,2024
01:51:42,2024-07-07,Tether,3,3419,319,18631,4890,1.08372533074166,112223789756.0,112223789756.0,0.0,USDT,1.0017272081192385,41048829972.0,112417623596.0,0.9999,0.9994,1.0028,1.0016,1.0001,1.0035,1,7,7,July,2024
01:52:02,2024-07-07,Tether,3,3419,319,18630,4890,1.08372533074166,112223789756.0,112223789756.0,0.0,USDT,1.001729456274433,41056124402.0,112417875893.0,0.9999,0.9994,1.0028,1.0016,1.0001,1.0035,1,7,7,July,2024
01:52:31,2024-07-07,Tether,3,3419,319,18630,4890,1.08372533074166,112223789756.0,112223789756.0,0.0,USDT,1.0017318960342876,41066149974.0,112418149692.0,0.9999,0.9994,1.0028,1.0016,1.0001,1.0035,1,7,7,July,2024
01:53:04,2024-07-07,Tether,3,3419,319,18630,4890,1.08372533074166,112223789756.0,112223789756.0,0.0,USDT,1.001732850981313,41054209235.0,112418256860.0,0.9999,0.9994,1.0028,1.0016,1.0001,1.0035,1,7,7,July,2024
01:53:52,2024-07-07,Tether,3,3419,319,18630,4890,1.08372533074166,112223789756.0,112223789756.0,0.0,USDT,1.0017280406680944,41068053108.0,112417717028.0,0.9999,0.9994,1.0028,1.0016,1.0001,1.0035,1,7,7,July,2024
01:55:13,2024-07-07,Tether,3,3419,319,18629,4889,1.08372533074166,112223789756.0,112223789756.0,0.0,USDT,1.0017062858971804,41042281955.0,112415275625.0,0.9999,0.9994,1.0028,1.0015,1.0,1.0035,1,7,7,July,2024
01:55:46,2024-07-07,Tether,3,3419,319,18628,4888,1.08372533074166,112223789756.0,112223789756.0,0.0,USDT,1.0017139615861386,41040938954.0,112416137020.0,0.9999,0.9994,1.0028,1.0015,1.0,1.0035,1,7,7,July,2024
01:56:09,2024-07-07,Tether,3,3419,319,18628,4888,1.08372533074166,112223789756.0,112223789756.0,0.0,USDT,1.001720319692757,41036015456.0,112416850551.0,0.9999,0.9994,1.0028,1.0015,1.0,1.0035,1,7,7,July,2024
01:56:30,2024-07-07,Tether,3,3419,319,18628,4888,1.08372533074166,112223789756.0,112223789756.0,0.0,USDT,1.0017226991255592,41040487636.0,112417117580.0,0.9999,0.9994,1.0028,1.0015,1.0,1.0035,1,7,7,July,2024
01:56:53,2024-07-07,Tether,3,3419,319,18629,4889,1.08372533074166,112223789756.0,112223789756.0,0.0,USDT,1.0017194468314221,41033172619.0,112416752595.0,0.9999,0.9994,1.0028,1.0015,1.0,1.0035,1,7,7,July,2024
01:57:17,2024-07-07,Tether,3,3419,319,18629,4889,1.08372533074166,112223789756.0,112223789756.0,0.0,USDT,1.0017501180933175,41043036238.0,112420194640.0,0.9999,0.9994,1.0028,1.0015,1.0001,1.0035,1,7,7,July,2024
01:57:41,2024-07-07,Tether,3,3419,319,18629,4889,1.08372533074166,112223789756.0,112223789756.0,0.0,USDT,1.0017225530571046,41035857332.0,112417101188.0,0.9999,0.9994,1.0028,1.0015,1.0,1.0035,1,7,7,July,2024
01:58:03,2024-07-07,Tether,3,3419,319,18629,4889,1.08372533074166,112223789756.0,112223789756.0,0.0,USDT,1.0017180399911891,41021546359.0,112416594714.0,0.9999,0.9994,1.0028,1.0015,1.0,1.0035,1,7,7,July,2024
01:58:24,2024-07-07,Tether,3,3419,319,18629,4889,1.08372533074166,112223789756.0,112223789756.0,0.0,USDT,1.0017194679970707,41025793774.0,112416754970.0,0.9999,0.9994,1.0028,1.0015,1.0,1.0035,1,7,7,July,2024
01:58:45,2024-07-07,Tether,3,3419,319,18629,4889,1.08372533074166,112223789756.0,112223789756.0,0.0,USDT,1.0017242118146932,41023752262.0,112417287340.0,0.9999,0.9994,1.0028,1.0015,1.0,1.0035,1,7,7,July,2024
01:59:07,2024-07-07,Tether,3,3419,319,18629,4889,1.08372533074166,112223789756.0,112223789756.0,0.0,USDT,1.001724211782295,41020604534.0,112417287336.0,0.9999,0.9994,1.0028,1.0015,1.0,1.0035,1,7,7,July,2024
01:59:26,2024-07-07,Tether,3,3419,319,18629,4889,1.08372533074166,112223789756.0,112223789756.0,0.0,USDT,1.0017254516358014,41024998447.0,112417426477.0,0.9999,0.9994,1.0028,1.0015,1.0,1.0035,1,7,7,July,2024
01:59:58,2024-07-07,Tether,3,3419,319,18627,4888,1.08372533074166,112223789756.0,112223789756.0,0.0,USDT,1.0017104997999986,41018817239.0,112415748525.0,0.9999,0.9994,1.0028,1.0015,1.0,1.0035,1,7,7,July,2024
02:00:23,2024-07-07,Tether,3,3419,319,18627,4888,1.08372533074166,112223789756.0,112223789756.0,0.0,USDT,1.0017234933155357,41040168214.0,112417206707.0,0.9999,0.9994,1.0028,1.0015,1.0,1.0035,2,7,7,July,2024
02:00:48,2024-07-07,Tether,3,3419,319,18628,4888,1.08372533074166,112223789756.0,112223789756.0,0.0,USDT,1.001723410759259,41033755492.0,112417197442.0,0.9999,0.9994,1.0028,1.0015,1.0,1.0035,2,7,7,July,2024
02:01:11,2024-07-07,Tether,3,3419,319,18628,4888,1.08372533074166,112223789756.0,112223789756.0,0.0,USDT,1.0016959309695996,41019595775.0,112414113556.0,0.9999,0.9993,1.0028,1.0015,1.0,1.0035,2,7,7,July,2024
11:27:49,2024-07-07,Tether,3,3419,317,18558,4878,1.08372533074166,112223789756.0,112223789756.0,0.0,USDT,1.0014425791493664,41286229664.0,112385681455.0,1.0,0.9993,1.0028,0.9987,1.0011,1.0021,11,7,7,July,2024
11:28:07,2024-07-07,Tether,3,3419,317,18559,4878,1.08372533074166,112223789756.0,112223789756.0,0.0,USDT,1.0014625441172966,41285342755.0,112387921999.0,1.0001,0.9993,1.0028,0.9987,1.0012,1.0022,11,7,7,July,2024
11:28:33,2024-07-07,Tether,3,3419,317,18559,4878,1.08372533074166,112223789756.0,112223789756.0,0.0,USDT,1.0014540498797544,41293146099.0,112386968744.0,1.0001,0.9993,1.0028,0.9987,1.0011,1.0022,11,7,7,July,2024
11:28:57,2024-07-07,Tether,3,3419,317,18559,4878,1.08372533074166,112223789756.0,112223789756.0,0.0,USDT,1.0014357042624105,41299701474.0,112384909929.0,1.0,0.9993,1.0028,0.9987,1.0011,1.0021,11,7,7,July,2024
11:30:31,2024-07-07,Tether,3,3419,317,18558,4878,1.08372533074166,112223789756.0,112223789756.0,0.0,USDT,1.0014337804820568,41276975921.0,112384694035.0,1.0,0.9993,1.0028,0.9987,1.0011,1.0021,11,7,7,July,2024
11:30:55,2024-07-07,Tether,3,3419,317,18558,4878,1.08372533074166,112223789756.0,112223789756.0,0.0,USDT,1.0014605429099928,41266673611.0,112387697416.0,1.0001,0.9993,1.0028,0.9987,1.0012,1.0022,11,7,7,July,2024
11:31:16,2024-07-07,Tether,3,3419,317,18558,4878,1.08372533074166,112223789756.0,112223789756.0,0.0,USDT,1.0014678934432995,41251722362.0,112388522321.0,1.0002,0.9994,1.0028,0.9987,1.0011,1.0021,11,7,7,July,2024
11:31:38,2024-07-07,Tether,3,3419,317,18558,4878,1.08372533074166,112223789756.0,112223789756.0,0.0,USDT,1.0014758204720855,41252747143.0,112389411922.0,1.0002,0.9994,1.0028,0.9987,1.0012,1.0021,11,7,7,July,2024
11:32:00,2024-07-07,Tether,3,3419,317,18558,4878,1.08372533074166,112223789756.0,112223789756.0,0.0,USDT,1.0014767128715105,41233286676.0,112389512070.0,1.0002,0.9994,1.0028,0.9987,1.0012,1.0021,11,7,7,July,2024
11:32:24,2024-07-07,Tether,3,3419,317,18558,4878,1.08372533074166,112223789756.0,112223789756.0,0.0,USDT,1.001480191134464,41204557601.0,112389902414.0,1.0002,0.9994,1.0028,0.9987,1.0012,1.0022,11,7,7,July,2024
11:32:46,2024-07-07,Tether,3,3419,317,18558,4878,1.08372533074166,112223789756.0,112223789756.0,0.0,USDT,1.0014787241533127,41188930413.0,112389737784.0,1.0002,0.9994,1.0028,0.9987,1.0012,1.0021,11,7,7,July,2024
11:33:06,2024-07-07,Tether,3,3419,317,18558,4878,1.08372533074166,112223789756.0,112223789756.0,0.0,USDT,1.0014787688080633,41178639204.0,112389742795.0,1.0002,0.9994,1.0028,0.9987,1.0012,1.0021,11,7,7,July,2024
11:33:31,2024-07-07,Tether,3,3419,317,18558,4878,1.08372533074166,112223789756.0,112223789756.0,0.0,USDT,1.00146553329314,41152660121.0,112388257456.0,1.0002,0.9994,1.0028,0.9987,1.0011,1.0021,11,7,7,July,2024
11:33:50,2024-07-07,Tether,3,3419,317,18558,4878,1.08372533074166,112223789756.0,112223789756.0,0.0,USDT,1.0014788668010097,41149216375.0,112389753792.0,1.0002,0.9994,1.0028,0.9987,1.0012,1.0021,11,7,7,July,2024
11:34:11,2024-07-07,Tether,3,3419,317,18557,4878,1.08372533074166,112223789756.0,112223789756.0,0.0,USDT,1.0014476033439956,41138805319.0,112386245289.0,1.0002,0.9994,1.0027,0.9987,1.0011,1.0021,11,7,7,July,2024
11:34:37,2024-07-07,Tether,3,3419,317,18557,4878,1.08372533074166,112223789756.0,112223789756.0,0.0,USDT,1.0014615846008554,41135336336.0,112387814318.0,1.0002,0.9994,1.0028,0.9987,1.0011,1.0021,11,7,7,July,2024
11:34:58,2024-07-07,Tether,3,3419,317,18556,4877,1.08372533074166,112223789756.0,112223789756.0,0.0,USDT,1.0014633098665935,41118233180.0,112388007934.0,1.0002,0.9994,1.0028,0.9987,1.0011,1.0021,11,7,7,July,2024
11:35:20,2024-07-07,Tether,3,3419,317,18554,4876,1.08372533074166,112223789756.0,112223789756.0,0.0,USDT,1.0014578498490274,41107723906.0,112387395190.0,1.0001,0.9994,1.0027,0.9987,1.0011,1.0021,11,7,7,July,2024
11:35:41,2024-07-07,Tether,3,3419,317,18554,4876,1.08372533074166,112223789756.0,112223789756.0,0.0,USDT,1.0014751579835115,41101402036.0,112389337575.0,1.0001,0.9994,1.0027,0.9987,1.0012,1.0021,11,7,7,July,2024
11:36:03,2024-07-07,Tether,3,3419,317,18554,4876,1.08372533074166,112223789756.0,112223789756.0,0.0,USDT,1.0014858670042612,41092278949.0,112390539382.0,1.0001,0.9994,1.0027,0.9987,1.0012,1.0021,11,7,7,July,2024
11:36:24,2024-07-07,Tether,3,3419,317,18554,4876,1.08372533074166,112223789756.0,112223789756.0,0.0,USDT,1.00148590738935,41088156640.0,112390543914.0,1.0001,0.9994,1.0027,0.9987,1.0012,1.0021,11,7,7,July,2024
11:36:47,2024-07-07,Tether,3,3419,317,18554,4876,1.08372533074166,112223789756.0,112223789756.0,0.0,USDT,1.001514378472149,41058512722.0,112393739047.0,1.0002,0.9994,1.0028,0.9987,1.0012,1.0021,11,7,7,July,2024
11:37:09,2024-07-07,Tether,3,3419,317,18554,4876,1.08372533074166,112223789756.0,112223789756.0,0.0,USDT,1.0015130087133295,41051727539.0,112393585327.0,1.0002,0.9994,1.0028,0.9987,1.0012,1.0021,11,7,7,July,2024
11:37:34,2024-07-07,Tether,3,3419,317,18554,4876,1.08372533074166,112223789756.0,112223789756.0,0.0,USDT,1.0014886678492276,41054760084.0,112390853703.0,1.0002,0.9994,1.0028,0.9987,1.0012,1.0021,11,7,7,July,2024
11:37:57,2024-07-07,Tether,3,3419,317,18552,4874,1.08372533074166,112223789756.0,112223789756.0,0.0,USDT,1.0014758963837993,41051218130.0,112389420441.0,1.0001,0.9994,1.0027,0.9987,1.0012,1.0021,11,7,7,July,2024
11:38:25,2024-07-07,Tether,3,3419,317,18552,4874,1.08372533074166,112223789756.0,112223789756.0,0.0,USDT,1.001472487584828,41047901833.0,112389037893.0,1.0001,0.9994,1.0027,0.9987,1.0012,1.0021,11,7,7,July,2024
11:39:12,2024-07-07,Tether,3,3419,317,18554,4875,1.08372533074166,112223789756.0,112223789756.0,0.0,USDT,1.0014892652059213,41041782430.0,112390920741.0,1.0002,0.9994,1.0028,0.9987,1.0012,1.0021,11,7,7,July,2024
11:40:22,2024-07-07,Tether,3,3419,317,18554,4875,1.08372533074166,112223789756.0,112223789756.0,0.0,USDT,1.0014674090613787,41050107560.0,112388467961.0,1.0001,0.9994,1.0027,0.9987,1.0011,1.0021,11,7,7,July,2024
11:40:46,2024-07-07,Tether,3,3419,317,18554,4875,1.08372533074166,112223789756.0,112223789756.0,0.0,USDT,1.0014835238763111,41053061800.0,112390276427.0,1.0002,0.9995,1.0027,0.9986,1.0012,1.0022,11,7,7,July,2024
11:41:08,2024-07-07,Tether,3,3419,317,18554,4875,1.08372533074166,112223789756.0,112223789756.0,0.0,USDT,1.001480820228113,41049400509.0,112389973013.0,1.0002,0.9995,1.0027,0.9986,1.0012,1.0022,11,7,7,July,2024
11:41:29,2024-07-07,Tether,3,3419,317,18553,4875,1.08372533074166,112223789756.0,112223789756.0,0.0,USDT,1.00146621536132,41062203632.0,112388334000.0,1.0002,0.9994,1.0027,0.9986,1.0012,1.0021,11,7,7,July,2024
11:41:50,2024-07-07,Tether,3,3419,317,18553,4875,1.08372533074166,112223789756.0,112223789756.0,0.0,USDT,1.001471349593858,41099443222.0,112388910183.0,1.0002,0.9994,1.0027,0.9986,1.0012,1.0022,11,7,7,July,2024
11:42:13,2024-07-07,Tether,3,3419,317,18553,4875,1.08372533074166,112223789756.0,112223789756.0,0.0,USDT,1.0014471123813518,41090062874.0,112386190191.0,1.0001,0.9994,1.0027,0.9986,1.0012,1.0021,11,7,7,July,2024
11:42:37,2024-07-07,Tether,3,3419,317,18553,4875,1.08372533074166,112223789756.0,112223789756.0,0.0,USDT,1.0014394484049816,41098631684.0,112385330111.0,1.0001,0.9994,1.0027,0.9986,1.0011,1.0021,11,7,7,July,2024
11:43:22,2024-07-07,Tether,3,3419,317,18553,4875,1.08372533074166,112223789756.0,112223789756.0,0.0,USDT,1.0014030208332032,41097306428.0,112381242071.0,1.0001,0.9994,1.0026,0.9985,1.0011,1.0021,11,7,7,July,2024
11:44:29,2024-07-07,Tether,3,3419,317,18554,4875,1.08372533074166,112223789756.0,112223789756.0,0.0,USDT,1.0014122383565014,41099390341.0,112382276496.0,1.0001,0.9994,1.0027,0.9985,1.0011,1.0021,11,7,7,July,2024
11:44:51,2024-07-07,Tether,3,3419,317,18554,4875,1.08372533074166,112223789756.0,112223789756.0,0.0,USDT,1.0014464717623888,41089060113.0,112386118298.0,1.0001,0.9994,1.0027,0.9986,1.0011,1.0021,11,7,7,July,2024
11:45:13,2024-07-07,Tether,3,3419,317,18554,4875,1.08372533074166,112223789756.0,112223789756.0,0.0,USDT,1.001447213480065,41087885887.0,112386201537.0,1.0001,0.9994,1.0027,0.9986,1.0012,1.0021,11,7,7,July,2024
11:45:33,2024-07-07,Tether,3,3419,317,18554,4875,1.08372533074166,112223789756.0,112223789756.0,0.0,USDT,1.0014509062500447,41078487900.0,112386615953.0,1.0001,0.9994,1.0027,0.9986,1.0012,1.0021,11,7,7,July,2024
11:45:55,2024-07-07,Tether,3,3419,317,18554,4875,1.08372533074166,112223789756.0,112223789756.0,0.0,USDT,1.0014423395171004,41060425002.0,112385654562.0,1.0001,0.9994,1.0027,0.9986,1.0011,1.0021,11,7,7,July,2024
11:46:18,2024-07-07,Tether,3,3419,317,18553,4875,1.08372533074166,112223789756.0,112223789756.0,0.0,USDT,1.0014440990275182,41033102723.0,112385852021.0,1.0002,0.9994,1.0027,0.9986,1.0011,1.0021,11,7,7,July,2024
11:46:38,2024-07-07,Tether,3,3419,317,18553,4875,1.08372533074166,112223789756.0,112223789756.0,0.0,USDT,1.001441626701481,41009221500.0,112385574567.0,1.0002,0.9994,1.0027,0.9986,1.0011,1.0021,11,7,7,July,2024
11:47:00,2024-07-07,Tether,3,3419,317,18553,4875,1.08372533074166,112223789756.0,112223789756.0,0.0,USDT,1.0014447519071508,40995761933.0,112385925290.0,1.0002,0.9994,1.0027,0.9986,1.0011,1.0021,11,7,7,July,2024
11:47:24,2024-07-07,Tether,3,3419,317,18553,4875,1.08372533074166,112223789756.0,112223789756.0,0.0,USDT,1.0014596229385937,40975927434.0,112387594173.0,1.0002,0.9995,1.0028,0.9986,1.0011,1.0021,11,7,7,July,2024
11:47:45,2024-07-07,Tether,3,3419,317,18553,4875,1.08372533074166,112223789756.0,112223789756.0,0.0,USDT,1.0014580006613143,40971461217.0,112387412115.0,1.0002,0.9995,1.0028,0.9986,1.0011,1.0021,11,7,7,July,2024
11:48:22,2024-07-07,Tether,3,3419,317,18553,4875,1.08372533074166,112223789756.0,112223789756.0,0.0,USDT,1.0014664304928804,40975157412.0,112388358143.0,1.0002,0.9995,1.0028,0.9986,1.0011,1.0021,11,7,7,July,2024
11:48:48,2024-07-07,Tether,3,3419,317,18553,4875,1.08372533074166,112223789756.0,112223789756.0,0.0,USDT,1.0014872401057884,40972227088.0,112390693476.0,1.0002,0.9995,1.0028,0.9986,1.0011,1.0021,11,7,7,July,2024
11:49:07,2024-07-07,Tether,3,3419,317,18552,4875,1.08372533074166,112223789756.0,112223789756.0,0.0,USDT,1.0014837006904302,40966118010.0,112390296270.0,1.0002,0.9995,1.0028,0.9986,1.0011,1.0021,11,7,7,July,2024
11:49:42,2024-07-07,Tether,3,3419,317,18552,4875,1.08372533074166,112223789756.0,112223789756.0,0.0,USDT,1.0014847357600498,40947864856.0,112390412429.0,1.0002,0.9995,1.0028,0.9986,1.0011,1.0021,11,7,7,July,2024
11:50:19,2024-07-07,Tether,3,3419,317,18552,4875,1.08372533074166,112223789756.0,112223789756.0,0.0,USDT,1.0014752606754818,40925262606.0,112389349099.0,1.0002,0.9995,1.0028,0.9986,1.0011,1.0021,11,7,7,July,2024
11:51:40,2024-07-07,Tether,3,3419,317,18551,4875,1.08372533074166,112223789756.0,112223789756.0,0.0,USDT,1.0014610182469457,40874195172.0,112387750760.0,1.0001,0.9994,1.0028,0.9986,1.001,1.0021,11,7,7,July,2024
11:52:03,2024-07-07,Tether,3,3419,317,18551,4875,1.08372533074166,112223789756.0,112223789756.0,0.0,USDT,1.0014844359039725,40865253566.0,112390378778.0,1.0001,0.9995,1.0028,0.9986,1.0011,1.0021,11,7,7,July,2024
11:52:37,2024-07-07,Tether,3,3419,317,18551,4875,1.08372533074166,112223789756.0,112223789756.0,0.0,USDT,1.0014965873657964,40852393000.0,112391742461.0,1.0001,0.9995,1.0028,0.9986,1.0011,1.0021,11,7,7,July,2024
11:53:18,2024-07-07,Tether,3,3419,317,18551,4875,1.08372533074166,112223789756.0,112223789756.0,0.0,USDT,1.0015366625170643,40851515160.0,112396239847.0,1.0001,0.9995,1.0028,0.9987,1.0011,1.0022,11,7,7,July,2024
11:54:25,2024-07-07,Tether,3,3419,317,18551,4874,1.08372533074166,112223789756.0,112223789756.0,0.0,USDT,1.0014873406686153,40845796218.0,112390704762.0,1.0001,0.9995,1.0028,0.9986,1.0011,1.0021,11,7,7,July,2024
11:54:47,2024-07-07,Tether,3,3419,317,18551,4874,1.08372533074166,112223789756.0,112223789756.0,0.0,USDT,1.0014913068394231,40844257221.0,112391149861.0,1.0001,0.9995,1.0028,0.9986,1.0011,1.0021,11,7,7,July,2024
11:55:11,2024-07-07,Tether,3,3419,317,18551,4874,1.08372533074166,112223789756.0,112223789756.0,0.0,USDT,1.0015038638425997,40844003479.0,112392559055.0,1.0001,0.9995,1.0028,0.9986,1.0011,1.0021,11,7,7,July,2024
11:55:35,2024-07-07,Tether,3,3419,317,18551,4874,1.08372533074166,112223789756.0,112223789756.0,0.0,USDT,1.0014758130187922,40845540412.0,112389411085.0,1.0002,0.9995,1.0029,0.9987,1.001,1.002,11,7,7,July,2024
11:55:58,2024-07-07,Tether,3,3419,317,18551,4874,1.08372533074166,112223789756.0,112223789756.0,0.0,USDT,1.0014908914026324,40841818896.0,112391103239.0,1.0002,0.9995,1.0029,0.9987,1.001,1.0021,11,7,7,July,2024
11:56:20,2024-07-07,Tether,3,3419,317,18551,4874,1.08372533074166,112223789756.0,112223789756.0,0.0,USDT,1.0014999363296087,40845339880.0,112392118295.0,1.0002,0.9995,1.0029,0.9987,1.001,1.0021,11,7,7,July,2024
11:56:42,2024-07-07,Tether,3,3419,317,18549,4873,1.08372533074166,112223789756.0,112223789756.0,0.0,USDT,1.0014999363296087,40845339880.0,112392118295.0,1.0002,0.9995,1.0029,0.9987,1.001,1.0021,11,7,7,July,2024
11:57:01,2024-07-07,Tether,3,3419,317,18549,4873,1.08372533074166,112223789756.0,112223789756.0,0.0,USDT,1.0015040594172104,40902355845.0,112392581003.0,1.0002,0.9995,1.0029,0.9987,1.001,1.0021,11,7,7,July,2024
11:57:30,2024-07-07,Tether,3,3419,317,18549,4873,1.08372533074166,112223789756.0,112223789756.0,0.0,USDT,1.0014819211152317,40938893135.0,112390096559.0,1.0002,0.9995,1.0029,0.9987,1.001,1.0021,11,7,7,July,2024
11:57:56,2024-07-07,Tether,3,3419,317,18549,4873,1.08372533074166,112223789756.0,112223789756.0,0.0,USDT,1.0014764457282794,40945166101.0,112389482090.0,1.0002,0.9995,1.0029,0.9987,1.001,1.0021,11,7,7,July,2024
11:58:24,2024-07-07,Tether,3,3419,317,18549,4873,1.08372533074166,112223789756.0,112223789756.0,0.0,USDT,1.0014732980663235,40929582944.0,112389128848.0,1.0002,0.9995,1.0029,0.9987,1.001,1.002,11,7,7,July,2024
11:58:48,2024-07-07,Tether,3,3419,317,18549,4873,1.08372533074166,112223789756.0,112223789756.0,0.0,USDT,1.0014685726574426,40916319952.0,112388598545.0,1.0002,0.9995,1.0029,0.9987,1.001,1.002,11,7,7,July,2024
11:59:12,2024-07-07,Tether,3,3419,317,18549,4873,1.08372533074166,112223789756.0,112223789756.0,0.0,USDT,1.0014676812146226,40904161681.0,112388498504.0,1.0002,0.9995,1.0029,0.9987,1.001,1.002,11,7,7,July,2024
12:00:52,2024-07-07,Tether,3,3419,317,18549,4873,1.08372533074166,112223789756.0,112223789756.0,0.0,USDT,1.001451592221595,40328122265.0,112386692936.0,1.0002,0.9995,1.0028,0.9987,1.0012,1.0021,12,7,7,July,2024
12:01:22,2024-07-07,Tether,3,3419,317,18549,4873,1.08372533074166,112223789756.0,112223789756.0,0.0,USDT,1.0014534105674786,40311660494.0,112386896997.0,1.0002,0.9995,1.0028,0.9987,1.0012,1.0021,12,7,7,July,2024
12:01:57,2024-07-07,Tether,3,3419,317,18549,4873,1.08372533074166,112223789756.0,112223789756.0,0.0,USDT,1.001445271284337,40387581527.0,112385983576.0,1.0002,0.9995,1.0028,0.9986,1.0012,1.002,12,7,7,July,2024
12:10:26,2024-07-07,Tether,3,3419,317,18548,4873,1.08372533074166,112223789756.0,112223789756.0,0.0,USDT,1.0014752757852847,40406012257.0,112389350795.0,1.0,0.9993,1.0027,0.9985,1.0012,1.002,12,7,7,July,2024
12:11:28,2024-07-07,Tether,3,3419,317,18548,4873,1.08372533074166,112223789756.0,112223789756.0,0.0,USDT,1.0014718637136601,40449928231.0,112388967879.0,1.0,0.9993,1.0027,0.9985,1.0012,1.002,12,7,7,July,2024
12:13:15,2024-07-07,Tether,3,3419,317,18549,4873,1.08372533074166,112223789756.0,112223789756.0,0.0,USDT,1.0014406737425918,40611342329.0,112385467623.0,1.0,0.9993,1.0027,0.9985,1.0011,1.002,12,7,7,July,2024
12:13:41,2024-07-07,Tether,3,3419,317,18549,4873,1.08372533074166,112223789756.0,112223789756.0,0.0,USDT,1.0014405108630486,40608422788.0,112385449344.0,1.0,0.9993,1.0027,0.9985,1.0011,1.002,12,7,7,July,2024
12:14:03,2024-07-07,Tether,3,3419,317,18549,4873,1.08372533074166,112223789756.0,112223789756.0,0.0,USDT,1.001473090473568,40602555914.0,112389105551.0,1.0,0.9993,1.0027,0.9985,1.0012,1.002,12,7,7,July,2024
12:15:48,2024-07-07,Tether,3,3419,317,18549,4873,1.08372533074166,112223789756.0,112223789756.0,0.0,USDT,1.0014809652579755,40581575734.0,112389989289.0,1.0,0.9993,1.0027,0.9984,1.001,1.002,12,7,7,July,2024
12:18:15,2024-07-07,Tether,3,3419,317,18547,4873,1.08372533074166,112223789756.0,112223789756.0,0.0,USDT,1.001457020913299,40562259376.0,112387302164.0,1.0,0.9993,1.0027,0.9984,1.001,1.002,12,7,7,July,2024
12:18:42,2024-07-07,Tether,3,3419,317,18547,4873,1.08372533074166,112223789756.0,112223789756.0,0.0,USDT,1.001443447090889,40583892727.0,112385778858.0,1.0,0.9993,1.0027,0.9984,1.001,1.002,12,7,7,July,2024
12:31:48,2024-07-07,Tether,3,3419,317,18545,4874,1.08372533074166,112223789756.0,112223789756.0,0.0,USDT,1.0015139562187578,40109558809.0,112393691660.0,1.0,0.9995,1.0028,0.9985,1.0011,1.002,12,7,7,July,2024
12:49:26,2024-07-07,Tether,3,3419,317,18540,4873,1.08372533074166,112223789756.0,112223789756.0,0.0,USDT,1.001447643300528,39603940817.0,112386249773.0,1.0,0.9994,1.0026,0.9984,1.0016,1.002,12,7,7,July,2024
12:53:26,2024-07-07,Tether,3,3419,317,18538,4872,1.08372533074166,112223789756.0,112223789756.0,0.0,USDT,1.001426689281102,39349106431.0,112383898233.0,0.9999,0.9994,1.0026,0.9984,1.0015,1.0019,12,7,7,July,2024
12:54:50,2024-07-07,Tether,3,3419,317,18538,4872,1.08372533074166,112223789756.0,112223789756.0,0.0,USDT,1.0014360566558471,39314624387.0,112384949476.0,0.9999,0.9994,1.0026,0.9984,1.0015,1.0019,12,7,7,July,2024
12:56:17,2024-07-07,Tether,3,3419,317,18537,4872,1.08372533074166,112223789756.0,112223789756.0,0.0,USDT,1.0014472488388508,39267617548.0,112386205505.0,0.9999,0.9994,1.0026,0.9985,1.0016,1.002,12,7,7,July,2024
12:56:39,2024-07-07,Tether,3,3419,317,18537,4872,1.08372533074166,112223789756.0,112223789756.0,0.0,USDT,1.0014609559948087,39250117070.0,112387743774.0,0.9999,0.9994,1.0026,0.9985,1.0016,1.002,12,7,7,July,2024
12:57:03,2024-07-07,Tether,3,3419,317,18537,4872,1.08372533074166,112223789756.0,112223789756.0,0.0,USDT,1.0015167144409123,39236699893.0,112394001198.0,1.0,0.9995,1.0027,0.9985,1.0017,1.002,12,7,7,July,2024
12:57:25,2024-07-07,Tether,3,3419,317,18536,4872,1.08372533074166,112223789756.0,112223789756.0,0.0,USDT,1.0015192435767004,39226412043.0,112394285027.0,1.0,0.9995,1.0027,0.9985,1.0017,1.002,12,7,7,July,2024
12:57:49,2024-07-07,Tether,3,3419,317,18536,4872,1.08372533074166,112223789756.0,112223789756.0,0.0,USDT,1.001511686039747,39224508405.0,112393436892.0,1.0,0.9995,1.0027,0.9985,1.0017,1.002,12,7,7,July,2024
12:58:09,2024-07-07,Tether,3,3419,317,18536,4872,1.08372533074166,112223789756.0,112223789756.0,0.0,USDT,1.0015080143406094,39225085548.0,112393024840.0,0.9999,0.9995,1.0027,0.9985,1.0016,1.002,12,7,7,July,2024
12:58:30,2024-07-07,Tether,3,3419,317,18535,4872,1.08372533074166,112223789756.0,112223789756.0,0.0,USDT,1.0014920692297802,39226272483.0,112391235419.0,0.9999,0.9994,1.0026,0.9985,1.0016,1.002,12,7,7,July,2024
12:58:51,2024-07-07,Tether,3,3419,317,18535,4872,1.08372533074166,112223789756.0,112223789756.0,0.0,USDT,1.0014813299155931,39227361752.0,112390030213.0,0.9999,0.9994,1.0026,0.9985,1.0016,1.002,12,7,7,July,2024
12:59:37,2024-07-07,Tether,3,3419,317,18535,4872,1.08372533074166,112223789756.0,112223789756.0,0.0,USDT,1.0015065585595442,39243347168.0,112392861467.0,0.9999,0.9995,1.0027,0.9985,1.0016,1.002,12,7,7,July,2024
12:59:58,2024-07-07,Tether,3,3419,317,18535,4872,1.08372533074166,112223789756.0,112223789756.0,0.0,USDT,1.001482964216767,39237717133.0,112390213620.0,0.9999,0.9994,1.0026,0.9985,1.0016,1.002,12,7,7,July,2024
13:00:22,2024-07-07,Tether,3,3419,317,18535,4872,1.08372533074166,112223789756.0,112223789756.0,0.0,USDT,1.00147082208511,39235360530.0,112388850984.0,0.9999,0.9994,1.0026,0.9985,1.0016,1.002,13,7,7,July,2024
13:00:44,2024-07-07,Tether,3,3419,317,18535,4872,1.08372533074166,112223789756.0,112223789756.0,0.0,USDT,1.0014554102318898,39227951523.0,112387121407.0,0.9999,0.9994,1.0026,0.9985,1.0016,1.0019,13,7,7,July,2024
13:01:07,2024-07-07,Tether,3,3419,317,18534,4872,1.08372533074166,112223789756.0,112223789756.0,0.0,USDT,1.0014771917499954,39196440456.0,112389565812.0,1.0,0.9994,1.0026,0.9985,1.0016,1.0019,13,7,7,July,2024
13:01:28,2024-07-07,Tether,3,3419,317,18533,4872,1.08372533074166,112223789756.0,112223789756.0,0.0,USDT,1.0015058763385085,39186277760.0,112392784905.0,1.0,0.9995,1.0026,0.9985,1.0017,1.0019,13,7,7,July,2024
13:01:51,2024-07-07,Tether,3,3419,317,18533,4872,1.08372533074166,112223789756.0,112223789756.0,0.0,USDT,1.0014742350896697,39181501676.0,112389234004.0,1.0,0.9994,1.0026,0.9985,1.0016,1.0019,13,7,7,July,2024
13:02:12,2024-07-07,Tether,3,3419,317,18533,4872,1.08372533074166,112223789756.0,112223789756.0,0.0,USDT,1.0014669359669766,39175571291.0,112388414869.0,1.0,0.9994,1.0026,0.9985,1.0016,1.0019,13,7,7,July,2024
13:02:36,2024-07-07,Tether,3,3419,317,18533,4872,1.08372533074166,112223789756.0,112223789756.0,0.0,USDT,1.0014532955371258,39176952826.0,112386884088.0,0.9999,0.9994,1.0026,0.9985,1.0016,1.0019,13,7,7,July,2024
13:03:00,2024-07-07,Tether,3,3419,317,18533,4872,1.08372533074166,112223789756.0,112223789756.0,0.0,USDT,1.0014507590203632,39171141629.0,112386599431.0,0.9999,0.9994,1.0026,0.9985,1.0016,1.0019,13,7,7,July,2024
13:03:23,2024-07-07,Tether,3,3419,317,18533,4872,1.08372533074166,112223789756.0,112223789756.0,0.0,USDT,1.0014528590256835,39166436255.0,112386835101.0,0.9999,0.9994,1.0026,0.9985,1.0016,1.0019,13,7,7,July,2024
13:03:49,2024-07-07,Tether,3,3419,317,18533,4872,1.08372533074166,112223789756.0,112223789756.0,0.0,USDT,1.0014511523532157,39159519532.0,112386643572.0,0.9999,0.9994,1.0026,0.9985,1.0016,1.0019,13,7,7,July,2024
13:04:09,2024-07-07,Tether,3,3419,317,18533,4872,1.08372533074166,112223789756.0,112223789756.0,0.0,USDT,1.0014815055539465,39152931584.0,112390049923.0,1.0,0.9994,1.0026,0.9985,1.0016,1.0019,13,7,7,July,2024
13:04:34,2024-07-07,Tether,3,3419,317,18533,4872,1.08372533074166,112223789756.0,112223789756.0,0.0,USDT,1.0015065428057393,39141014646.0,112392859699.0,1.0,0.9995,1.0026,0.9985,1.0017,1.0019,13,7,7,July,2024
13:04:58,2024-07-07,Tether,3,3419,317,18533,4872,1.08372533074166,112223789756.0,112223789756.0,0.0,USDT,1.001540315726054,39127826673.0,112396649824.0,1.0,0.9995,1.0027,0.9985,1.0017,1.002,13,7,7,July,2024
13:05:24,2024-07-07,Tether,3,3419,317,18532,4872,1.08372533074166,112223789756.0,112223789756.0,0.0,USDT,1.0015348782743823,39121167232.0,112396039612.0,1.0,0.9995,1.0027,0.9985,1.0017,1.002,13,7,7,July,2024
13:05:47,2024-07-07,Tether,3,3419,317,18532,4872,1.08372533074166,112223789756.0,112223789756.0,0.0,USDT,1.0014977826604854,39138133474.0,112391876602.0,1.0,0.9995,1.0026,0.9985,1.0016,1.0019,13,7,7,July,2024
13:06:09,2024-07-07,Tether,3,3419,317,18531,4871,1.08372533074166,112223789756.0,112223789756.0,0.0,USDT,1.001474859432801,39140856269.0,112389304070.0,0.9999,0.9993,1.0026,0.9983,1.0016,1.002,13,7,7,July,2024
13:06:29,2024-07-07,Tether,3,3419,317,18531,4871,1.08372533074166,112223789756.0,112223789756.0,0.0,USDT,1.0014934251132253,39198421867.0,112391387581.0,0.9999,0.9994,1.0026,0.9983,1.0016,1.002,13,7,7,July,2024
13:06:50,2024-07-07,Tether,3,3419,317,18531,4871,1.08372533074166,112223789756.0,112223789756.0,0.0,USDT,1.0014960337597931,39202640742.0,112391680334.0,0.9999,0.9994,1.0026,0.9983,1.0016,1.002,13,7,7,July,2024
13:07:10,2024-07-07,Tether,3,3419,317,18531,4871,1.08372533074166,112223789756.0,112223789756.0,0.0,USDT,1.0014873681170986,39201612241.0,112390707842.0,0.9999,0.9994,1.0026,0.9983,1.0016,1.002,13,7,7,July,2024
13:07:40,2024-07-07,Tether,3,3419,317,18531,4871,1.08372533074166,112223789756.0,112223789756.0,0.0,USDT,1.0015033454204045,39192895512.0,112392500876.0,1.0,0.9994,1.0026,0.9983,1.0016,1.002,13,7,7,July,2024
13:08:12,2024-07-07,Tether,3,3419,317,18530,4871,1.08372533074166,112223789756.0,112223789756.0,0.0,USDT,1.001508858780592,39185003573.0,112393119606.0,1.0,0.9994,1.0026,0.9983,1.0016,1.002,13,7,7,July,2024
13:08:42,2024-07-07,Tether,3,3419,317,18529,4871,1.08372533074166,112223789756.0,112223789756.0,0.0,USDT,1.0014962054966723,39182379518.0,112391699607.0,0.9999,0.9994,1.0026,0.9983,1.0016,1.002,13,7,7,July,2024
13:09:07,2024-07-07,Tether,3,3419,317,18529,4871,1.08372533074166,112223789756.0,112223789756.0,0.0,USDT,1.001519809548214,39172906392.0,112394348543.0,1.0,0.9994,1.0026,0.9983,1.0016,1.002,13,7,7,July,2024
13:09:59,2024-07-07,Tether,3,3419,317,18529,4871,1.08372533074166,112223789756.0,112223789756.0,0.0,USDT,1.0015400393025145,39149295950.0,112396618802.0,1.0,0.9994,1.0026,0.9984,1.0017,1.002,13,7,7,July,2024
13:10:20,2024-07-07,Tether,3,3419,317,18529,4871,1.08372533074166,112223789756.0,112223789756.0,0.0,USDT,1.0015400393025145,39149295950.0,112396618802.0,1.0,0.9994,1.0026,0.9984,1.0017,1.002,13,7,7,July,2024
13:10:44,2024-07-07,Tether,3,3419,317,18529,4871,1.08372533074166,112223789756.0,112223789756.0,0.0,USDT,1.0015440234201782,39119912179.0,112397065915.0,1.0,0.9994,1.0026,0.9984,1.0017,1.002,13,7,7,July,2024
13:11:05,2024-07-07,Tether,3,3419,317,18529,4871,1.08372533074166,112223789756.0,112223789756.0,0.0,USDT,1.0015371265235011,39119491713.0,112396291919.0,1.0,0.9994,1.0026,0.9984,1.0017,1.002,13,7,7,July,2024
13:11:30,2024-07-07,Tether,3,3419,317,18528,4871,1.08372533074166,112223789756.0,112223789756.0,0.0,USDT,1.001514065030724,39108753149.0,112393703871.0,1.0,0.9993,1.0026,0.9984,1.0018,1.002,13,7,7,July,2024
13:11:52,2024-07-07,Tether,3,3419,317,18528,4871,1.08372533074166,112223789756.0,112223789756.0,0.0,USDT,1.001518996665835,39110097060.0,112394257318.0,1.0,0.9993,1.0026,0.9984,1.0018,1.002,13,7,7,July,2024
13:12:30,2024-07-07,Tether,3,3419,317,18528,4871,1.08372533074166,112223789756.0,112223789756.0,0.0,USDT,1.0015223060687135,39103718916.0,112394628712.0,1.0,0.9993,1.0026,0.9984,1.0018,1.002,13,7,7,July,2024
13:12:56,2024-07-07,Tether,3,3419,317,18528,4871,1.08372533074166,112223789756.0,112223789756.0,0.0,USDT,1.001515734482281,39101457324.0,112393891223.0,1.0,0.9993,1.0026,0.9984,1.0018,1.002,13,7,7,July,2024
13:13:19,2024-07-07,Tether,3,3419,317,18528,4871,1.08372533074166,112223789756.0,112223789756.0,0.0,USDT,1.0015099558316258,39089916466.0,112393242721.0,1.0,0.9993,1.0026,0.9984,1.0018,1.002,13,7,7,July,2024
13:13:43,2024-07-07,Tether,3,3419,317,18528,4871,1.08372533074166,112223789756.0,112223789756.0,0.0,USDT,1.0015097237924155,39077915594.0,112393216681.0,1.0,0.9993,1.0026,0.9984,1.0018,1.002,13,7,7,July,2024
13:14:06,2024-07-07,Tether,3,3419,317,18527,4870,1.08372533074166,112223789756.0,112223789756.0,0.0,USDT,1.0015139558549615,39067604793.0,112393691619.0,1.0,0.9993,1.0026,0.9984,1.0018,1.002,13,7,7,July,2024
