Time,Date,Name,Rank,Age,Exchanges,Markets,Pairs,All_Time_High,Circulating_Supply,Total_Supply,Max_Supply,Code,Rate,Volume,Cap,Delta_Hour_Change,Delta_Day_Change,Delta_Week_Change,Delta_Month_Change,Delta_Quarter_Change,Delta_Year_Change,Hour,Day,Month_Number,Month_Name,Year
15:46:48,2024-07-06,Tether,3,3418,320,18784,4949,1.08372533074166,112223789756.0,112223789756.0,,USDT,1.0018422564758127,42108317563.0,112430534759.0,1.0,1.0015,1.0027,1.0025,1.0002,1.0042,15,6,7,July,2024
15:48:43,2024-07-06,Tether,3,3418,320,18784,4949,1.08372533074166,112223789756.0,112223789756.0,,USDT,1.0018390385160771,42122938538.0,112430173627.0,1.0,1.0015,1.0027,1.0025,1.0002,1.0042,15,6,7,July,2024
17:33:59,2024-07-06,Tether,3,3418,319,18788,4947,1.08372533074166,112223789756.0,112223789756.0,0.0,USDT,1.0016168030013801,41980952158.0,112405233516.0,0.9998,1.001,1.0026,1.0023,0.9998,1.004,17,6,7,July,2024
17:36:10,2024-07-06,Tether,3,3418,319,18786,4945,1.08372533074166,112223789756.0,112223789756.0,0.0,USDT,1.0016280638877884,42027634582.0,112406497255.0,0.9999,1.001,1.0026,1.0023,0.9999,1.004,17,6,7,July,2024
18:09:03,2024-07-06,Tether,3,3418,319,18780,4940,1.08372533074166,112223789756.0,112223789756.0,0.0,USDT,1.0017326800964192,41825161125.0,112418237682.0,1.0,1.0012,1.0028,1.0023,0.9997,1.004,18,6,7,July,2024
18:11:17,2024-07-06,Tether,3,3418,319,18779,4940,1.08372533074166,112223789756.0,112223789756.0,0.0,USDT,1.0017056726408948,41842162404.0,112415206803.0,1.0001,1.0011,1.0027,1.0023,0.9997,1.0035,18,6,7,July,2024
00:54:01,2024-07-07,Tether,3,3419,319,18652,4896,1.08372533074166,112223789756.0,112223789756.0,0.0,USDT,1.0017935157552433,40681256916.0,112425064891.0,0.9999,0.9995,1.0028,1.0016,0.9999,1.0036,0,7,7,July,2024
01:04:06,2024-07-07,Tether,3,3419,319,18654,4897,1.08372533074166,112223789756.0,112223789756.0,0.0,USDT,1.0017817333327903,40710405748.0,112423742622.0,1.0,0.9995,1.0028,1.0017,0.9999,1.0036,1,7,7,July,2024
01:05:18,2024-07-07,Tether,3,3419,319,18654,4897,1.08372533074166,112223789756.0,112223789756.0,0.0,USDT,1.001798484256542,40667363468.0,112425622475.0,1.0,0.9995,1.0028,1.0017,1.0,1.0036,1,7,7,July,2024
01:05:39,2024-07-07,Tether,3,3419,319,18655,4897,1.08372533074166,112223789756.0,112223789756.0,0.0,USDT,1.0017947881474627,40651384815.0,112425207683.0,1.0,0.9995,1.0028,1.0017,0.9999,1.0036,1,7,7,July,2024
01:06:02,2024-07-07,Tether,3,3419,319,18655,4897,1.08372533074166,112223789756.0,112223789756.0,0.0,USDT,1.001787860718074,40632596164.0,112424430261.0,1.0,0.9995,1.0028,1.0017,1.0,1.0036,1,7,7,July,2024
01:06:25,2024-07-07,Tether,3,3419,319,18655,4897,1.08372533074166,112223789756.0,112223789756.0,0.0,USDT,1.001787001295159,40615963945.0,112424333813.0,1.0,0.9995,1.0028,1.0017,1.0,1.0036,1,7,7,July,2024
01:06:47,2024-07-07,Tether,3,3419,319,18655,4897,1.08372533074166,112223789756.0,112223789756.0,0.0,USDT,1.001775078051681,40603019108.0,112422995742.0,1.0,0.9994,1.0028,1.0017,1.0,1.0036,1,7,7,July,2024
01:07:11,2024-07-07,Tether,3,3419,319,18655,4897,1.08372533074166,112223789756.0,112223789756.0,0.0,USDT,1.0017561714115586,40590703528.0,112420873967.0,0.9999,0.9994,1.0028,1.0017,1.0,1.0036,1,7,7,July,2024
01:07:32,2024-07-07,Tether,3,3419,319,18655,4897,1.08372533074166,112223789756.0,112223789756.0,0.0,USDT,1.0017633676284863,40580605607.0,112421681554.0,1.0,0.9994,1.0028,1.0017,1.0,1.0036,1,7,7,July,2024
01:07:56,2024-07-07,Tether,3,3419,319,18655,4897,1.08372533074166,112223789756.0,112223789756.0,0.0,USDT,1.0017634013027392,40582526796.0,112421685333.0,1.0,0.9994,1.0028,1.0017,1.0,1.0036,1,7,7,July,2024
01:08:16,2024-07-07,Tether,3,3419,319,18654,4897,1.08372533074166,112223789756.0,112223789756.0,0.0,USDT,1.0017696562455771,40563139825.0,112422387286.0,1.0,0.9994,1.0028,1.0017,1.0,1.0036,1,7,7,July,2024
01:08:40,2024-07-07,Tether,3,3419,319,18654,4897,1.08372533074166,112223789756.0,112223789756.0,0.0,USDT,1.001793862147342,40575411077.0,112425103764.0,1.0,0.9995,1.0028,1.0017,1.0,1.0036,1,7,7,July,2024
01:09:02,2024-07-07,Tether,3,3419,319,18654,4897,1.08372533074166,112223789756.0,112223789756.0,0.0,USDT,1.0017781903372125,40569485119.0,112423345014.0,1.0,0.9994,1.0028,1.0017,1.0,1.0036,1,7,7,July,2024
01:09:27,2024-07-07,Tether,3,3419,319,18654,4897,1.08372533074166,112223789756.0,112223789756.0,0.0,USDT,1.0017733853163848,40588230610.0,112422805776.0,1.0,0.9994,1.0028,1.0017,1.0,1.0036,1,7,7,July,2024
01:10:00,2024-07-07,Tether,3,3419,319,18654,4897,1.08372533074166,112223789756.0,112223789756.0,0.0,USDT,1.0017521158073772,40589719257.0,112420418831.0,0.9999,0.9994,1.0028,1.0016,0.9999,1.0036,1,7,7,July,2024
01:11:15,2024-07-07,Tether,3,3419,319,18655,4897,1.08372533074166,112223789756.0,112223789756.0,0.0,USDT,1.001666476823954,40659303132.0,112410808100.0,0.9998,0.9993,1.0027,1.0016,1.0,1.0035,1,7,7,July,2024
01:11:40,2024-07-07,Tether,3,3419,319,18655,4897,1.08372533074166,112223789756.0,112223789756.0,0.0,USDT,1.0017404908658558,40720564988.0,112419114237.0,0.9999,0.9994,1.0028,1.0016,1.0001,1.0036,1,7,7,July,2024
01:11:57,2024-07-07,Tether,3,3419,319,18654,4896,1.08372533074166,112223789756.0,112223789756.0,0.0,USDT,1.0017403179525357,40714636103.0,112419094832.0,0.9999,0.9994,1.0028,1.0016,1.0001,1.0036,1,7,7,July,2024
01:12:21,2024-07-07,Tether,3,3419,319,18654,4896,1.08372533074166,112223789756.0,112223789756.0,0.0,USDT,1.0017112670458483,40746025382.0,112415834629.0,0.9998,0.9994,1.0027,1.0016,1.0,1.0035,1,7,7,July,2024
01:12:45,2024-07-07,Tether,3,3419,319,18654,4896,1.08372533074166,112223789756.0,112223789756.0,0.0,USDT,1.0017033987175552,40745291148.0,112414951615.0,0.9998,0.9994,1.0027,1.0016,1.0,1.0035,1,7,7,July,2024
01:13:12,2024-07-07,Tether,3,3419,319,18654,4896,1.08372533074166,112223789756.0,112223789756.0,0.0,USDT,1.001720872918457,40782017830.0,112416912636.0,0.9998,0.9994,1.0028,1.0016,1.0001,1.0035,1,7,7,July,2024
01:13:56,2024-07-07,Tether,3,3419,319,18654,4896,1.08372533074166,112223789756.0,112223789756.0,0.0,USDT,1.0017404241738723,40788890644.0,112419106752.0,0.9999,0.9994,1.0028,1.0016,1.0001,1.0036,1,7,7,July,2024
01:14:18,2024-07-07,Tether,3,3419,319,18653,4896,1.08372533074166,112223789756.0,112223789756.0,0.0,USDT,1.001737965042727,40802138950.0,112418830779.0,0.9999,0.9994,1.0028,1.0016,1.0001,1.0035,1,7,7,July,2024
01:14:39,2024-07-07,Tether,3,3419,319,18654,4897,1.08372533074166,112223789756.0,112223789756.0,0.0,USDT,1.0017349627959502,40802862036.0,112418493856.0,0.9999,0.9994,1.0028,1.0016,1.0001,1.0035,1,7,7,July,2024
01:15:01,2024-07-07,Tether,3,3419,319,18654,4897,1.08372533074166,112223789756.0,112223789756.0,0.0,USDT,1.0017262665178384,40800516620.0,112417517926.0,0.9998,0.9994,1.0028,1.0016,1.0001,1.0035,1,7,7,July,2024
01:16:34,2024-07-07,Tether,3,3419,319,18654,4897,1.08372533074166,112223789756.0,112223789756.0,0.0,USDT,1.0017508850993408,40902747728.0,112420280717.0,0.9999,0.9994,1.0028,1.0016,1.0,1.0035,1,7,7,July,2024
01:16:56,2024-07-07,Tether,3,3419,319,18653,4897,1.08372533074166,112223789756.0,112223789756.0,0.0,USDT,1.0017544838256514,40901246297.0,112420684579.0,0.9999,0.9994,1.0028,1.0016,1.0,1.0036,1,7,7,July,2024
01:17:19,2024-07-07,Tether,3,3419,319,18653,4897,1.08372533074166,112223789756.0,112223789756.0,0.0,USDT,1.001729987963736,40935117427.0,112417935561.0,0.9999,0.9994,1.0028,1.0016,1.0,1.0035,1,7,7,July,2024
01:17:42,2024-07-07,Tether,3,3419,319,18653,4897,1.08372533074166,112223789756.0,112223789756.0,0.0,USDT,1.0017137150635071,40935156716.0,112416109354.0,0.9998,0.9994,1.0028,1.0016,1.0,1.0035,1,7,7,July,2024
01:18:23,2024-07-07,Tether,3,3419,319,18652,4897,1.08372533074166,112223789756.0,112223789756.0,0.0,USDT,1.0017084152958775,40957739723.0,112415514594.0,0.9998,0.9994,1.0028,1.0016,1.0,1.0035,1,7,7,July,2024
01:20:00,2024-07-07,Tether,3,3419,319,18652,4897,1.08372533074166,112223789756.0,112223789756.0,0.0,USDT,1.0017403914869416,40958020877.0,112419103084.0,0.9999,0.9994,1.0028,1.0016,1.0,1.0035,1,7,7,July,2024
01:30:05,2024-07-07,Tether,3,3419,319,18652,4897,1.08372533074166,112223789756.0,112223789756.0,0.0,USDT,1.0017403914869416,40958020877.0,112419103084.0,0.9999,0.9994,1.0028,1.0016,1.0,1.0035,1,7,7,July,2024
01:30:37,2024-07-07,Tether,3,3419,319,18643,4894,1.08372533074166,112223789756.0,112223789756.0,0.0,USDT,1.0016904038781722,40993815026.0,112413493285.0,1.0,0.9994,1.0027,1.0015,1.0001,1.0035,1,7,7,July,2024
01:30:58,2024-07-07,Tether,3,3419,319,18643,4894,1.08372533074166,112223789756.0,112223789756.0,0.0,USDT,1.0016904038781722,40993815026.0,112413493285.0,1.0,0.9994,1.0027,1.0015,1.0001,1.0035,1,7,7,July,2024
01:31:20,2024-07-07,Tether,3,3419,319,18642,4894,1.08372533074166,112223789756.0,112223789756.0,0.0,USDT,1.0016896806111562,41008568717.0,112413412117.0,1.0,0.9994,1.0027,1.0015,1.0,1.0035,1,7,7,July,2024
01:31:54,2024-07-07,Tether,3,3419,319,18641,4894,1.08372533074166,112223789756.0,112223789756.0,0.0,USDT,1.0017166176611698,41025599979.0,112416435095.0,1.0,0.9994,1.0027,1.0015,1.0001,1.0035,1,7,7,July,2024
01:32:37,2024-07-07,Tether,3,3419,319,18641,4894,1.08372533074166,112223789756.0,112223789756.0,0.0,USDT,1.0017289601575237,41058521003.0,112417820217.0,1.0,0.9994,1.0028,1.0015,1.0001,1.0035,1,7,7,July,2024
01:44:38,2024-07-07,Tether,3,3419,319,18635,4891,1.08372533074166,112223789756.0,112223789756.0,0.0,USDT,1.0017280340024486,40966655555.0,112417716280.0,0.9998,0.9994,1.0028,1.0015,1.0001,1.0035,1,7,7,July,2024
01:44:47,2024-07-07,Tether,3,3419,319,18635,4891,1.08372533074166,112223789756.0,112223789756.0,0.0,USDT,1.0017246501244894,40975985985.0,112417336528.0,0.9998,0.9994,1.0028,1.0015,1.0001,1.0035,1,7,7,July,2024
01:44:55,2024-07-07,Tether,3,3419,319,18634,4891,1.08372533074166,112223789756.0,112223789756.0,0.0,USDT,1.0017307406905516,40969566863.0,112418020035.0,0.9998,0.9994,1.0028,1.0015,1.0001,1.0035,1,7,7,July,2024
01:46:33,2024-07-07,Tether,3,3419,319,18634,4891,1.08372533074166,112223789756.0,112223789756.0,0.0,USDT,1.001701231051807,40979319245.0,112414708351.0,0.9998,0.9993,1.0027,1.0015,1.0001,1.0035,1,7,7,July,2024
01:46:56,2024-07-07,Tether,3,3419,319,18634,4891,1.08372533074166,112223789756.0,112223789756.0,0.0,USDT,1.0017012308895172,40971423169.0,112414708333.0,0.9998,0.9993,1.0027,1.0015,1.0001,1.0035,1,7,7,July,2024
01:47:19,2024-07-07,Tether,3,3419,319,18634,4891,1.08372533074166,112223789756.0,112223789756.0,0.0,USDT,1.0017025203629066,40978713606.0,112414853043.0,0.9998,0.9993,1.0027,1.0015,1.0001,1.0035,1,7,7,July,2024
01:47:39,2024-07-07,Tether,3,3419,319,18634,4891,1.08372533074166,112223789756.0,112223789756.0,0.0,USDT,1.0017140538602083,40976257403.0,112416147376.0,0.9998,0.9993,1.0028,1.0015,1.0001,1.0035,1,7,7,July,2024
01:48:11,2024-07-07,Tether,3,3419,319,18634,4891,1.08372533074166,112223789756.0,112223789756.0,0.0,USDT,1.0017111159797476,40980033842.0,112415817675.0,0.9998,0.9993,1.0028,1.0015,1.0001,1.0035,1,7,7,July,2024
01:49:50,2024-07-07,Tether,3,3419,319,18633,4891,1.08372533074166,112223789756.0,112223789756.0,0.0,USDT,1.001726284389331,40962358220.0,112417519932.0,0.9999,0.9993,1.0028,1.0015,1.0001,1.0035,1,7,7,July,2024
01:50:14,2024-07-07,Tether,3,3419,319,18631,4890,1.08372533074166,112223789756.0,112223789756.0,0.0,USDT,1.001729793837485,40979782181.0,112417913775.0,0.9999,0.9994,1.0028,1.0015,1.0001,1.0035,1,7,7,July,2024
01:50:35,2024-07-07,Tether,3,3419,319,18631,4890,1.08372533074166,112223789756.0,112223789756.0,0.0,USDT,1.0017119324773587,40973934040.0,112415909306.0,0.9998,0.9993,1.0028,1.0015,1.0001,1.0035,1,7,7,July,2024
01:50:58,2024-07-07,Tether,3,3419,319,18631,4890,1.08372533074166,112223789756.0,112223789756.0,0.0,USDT,1.001701883970693,40979594425.0,112414781624.0,0.9998,0.9993,1.0027,1.0015,1.0001,1.0035,1,7,7,July,2024
01:51:20,2024-07-07,Tether,3,3419,319,18631,4890,1.08372533074166,112223789756.0,112223789756.0,0.0,USDT,1.0017259516186319,41049596979.0,112417482587.0,0.9999,0.9994,1.0028,1.0016,1.0001,1.0035,1,7,7,July,2024
01:51:42,2024-07-07,Tether,3,3419,319,18631,4890,1.08372533074166,112223789756.0,112223789756.0,0.0,USDT,1.0017272081192385,41048829972.0,112417623596.0,0.9999,0.9994,1.0028,1.0016,1.0001,1.0035,1,7,7,July,2024
01:52:02,2024-07-07,Tether,3,3419,319,18630,4890,1.08372533074166,112223789756.0,112223789756.0,0.0,USDT,1.001729456274433,41056124402.0,112417875893.0,0.9999,0.9994,1.0028,1.0016,1.0001,1.0035,1,7,7,July,2024
01:52:31,2024-07-07,Tether,3,3419,319,18630,4890,1.08372533074166,112223789756.0,112223789756.0,0.0,USDT,1.0017318960342876,41066149974.0,112418149692.0,0.9999,0.9994,1.0028,1.0016,1.0001,1.0035,1,7,7,July,2024
01:53:04,2024-07-07,Tether,3,3419,319,18630,4890,1.08372533074166,112223789756.0,112223789756.0,0.0,USDT,1.001732850981313,41054209235.0,112418256860.0,0.9999,0.9994,1.0028,1.0016,1.0001,1.0035,1,7,7,July,2024
01:53:52,2024-07-07,Tether,3,3419,319,18630,4890,1.08372533074166,112223789756.0,112223789756.0,0.0,USDT,1.0017280406680944,41068053108.0,112417717028.0,0.9999,0.9994,1.0028,1.0016,1.0001,1.0035,1,7,7,July,2024
01:55:13,2024-07-07,Tether,3,3419,319,18629,4889,1.08372533074166,112223789756.0,112223789756.0,0.0,USDT,1.0017062858971804,41042281955.0,112415275625.0,0.9999,0.9994,1.0028,1.0015,1.0,1.0035,1,7,7,July,2024
01:55:46,2024-07-07,Tether,3,3419,319,18628,4888,1.08372533074166,112223789756.0,112223789756.0,0.0,USDT,1.0017139615861386,41040938954.0,112416137020.0,0.9999,0.9994,1.0028,1.0015,1.0,1.0035,1,7,7,July,2024
01:56:09,2024-07-07,Tether,3,3419,319,18628,4888,1.08372533074166,112223789756.0,112223789756.0,0.0,USDT,1.001720319692757,41036015456.0,112416850551.0,0.9999,0.9994,1.0028,1.0015,1.0,1.0035,1,7,7,July,2024
01:56:30,2024-07-07,Tether,3,3419,319,18628,4888,1.08372533074166,112223789756.0,112223789756.0,0.0,USDT,1.0017226991255592,41040487636.0,112417117580.0,0.9999,0.9994,1.0028,1.0015,1.0,1.0035,1,7,7,July,2024
01:56:53,2024-07-07,Tether,3,3419,319,18629,4889,1.08372533074166,112223789756.0,112223789756.0,0.0,USDT,1.0017194468314221,41033172619.0,112416752595.0,0.9999,0.9994,1.0028,1.0015,1.0,1.0035,1,7,7,July,2024
01:57:17,2024-07-07,Tether,3,3419,319,18629,4889,1.08372533074166,112223789756.0,112223789756.0,0.0,USDT,1.0017501180933175,41043036238.0,112420194640.0,0.9999,0.9994,1.0028,1.0015,1.0001,1.0035,1,7,7,July,2024
01:57:41,2024-07-07,Tether,3,3419,319,18629,4889,1.08372533074166,112223789756.0,112223789756.0,0.0,USDT,1.0017225530571046,41035857332.0,112417101188.0,0.9999,0.9994,1.0028,1.0015,1.0,1.0035,1,7,7,July,2024
01:58:03,2024-07-07,Tether,3,3419,319,18629,4889,1.08372533074166,112223789756.0,112223789756.0,0.0,USDT,1.0017180399911891,41021546359.0,112416594714.0,0.9999,0.9994,1.0028,1.0015,1.0,1.0035,1,7,7,July,2024
01:58:24,2024-07-07,Tether,3,3419,319,18629,4889,1.08372533074166,112223789756.0,112223789756.0,0.0,USDT,1.0017194679970707,41025793774.0,112416754970.0,0.9999,0.9994,1.0028,1.0015,1.0,1.0035,1,7,7,July,2024
01:58:45,2024-07-07,Tether,3,3419,319,18629,4889,1.08372533074166,112223789756.0,112223789756.0,0.0,USDT,1.0017242118146932,41023752262.0,112417287340.0,0.9999,0.9994,1.0028,1.0015,1.0,1.0035,1,7,7,July,2024
01:59:07,2024-07-07,Tether,3,3419,319,18629,4889,1.08372533074166,112223789756.0,112223789756.0,0.0,USDT,1.001724211782295,41020604534.0,112417287336.0,0.9999,0.9994,1.0028,1.0015,1.0,1.0035,1,7,7,July,2024
01:59:26,2024-07-07,Tether,3,3419,319,18629,4889,1.08372533074166,112223789756.0,112223789756.0,0.0,USDT,1.0017254516358014,41024998447.0,112417426477.0,0.9999,0.9994,1.0028,1.0015,1.0,1.0035,1,7,7,July,2024
01:59:58,2024-07-07,Tether,3,3419,319,18627,4888,1.08372533074166,112223789756.0,112223789756.0,0.0,USDT,1.0017104997999986,41018817239.0,112415748525.0,0.9999,0.9994,1.0028,1.0015,1.0,1.0035,1,7,7,July,2024
02:00:23,2024-07-07,Tether,3,3419,319,18627,4888,1.08372533074166,112223789756.0,112223789756.0,0.0,USDT,1.0017234933155357,41040168214.0,112417206707.0,0.9999,0.9994,1.0028,1.0015,1.0,1.0035,2,7,7,July,2024
02:00:48,2024-07-07,Tether,3,3419,319,18628,4888,1.08372533074166,112223789756.0,112223789756.0,0.0,USDT,1.001723410759259,41033755492.0,112417197442.0,0.9999,0.9994,1.0028,1.0015,1.0,1.0035,2,7,7,July,2024
02:01:11,2024-07-07,Tether,3,3419,319,18628,4888,1.08372533074166,112223789756.0,112223789756.0,0.0,USDT,1.0016959309695996,41019595775.0,112414113556.0,0.9999,0.9993,1.0028,1.0015,1.0,1.0035,2,7,7,July,2024
11:27:49,2024-07-07,Tether,3,3419,317,18558,4878,1.08372533074166,112223789756.0,112223789756.0,0.0,USDT,1.0014425791493664,41286229664.0,112385681455.0,1.0,0.9993,1.0028,0.9987,1.0011,1.0021,11,7,7,July,2024
11:28:07,2024-07-07,Tether,3,3419,317,18559,4878,1.08372533074166,112223789756.0,112223789756.0,0.0,USDT,1.0014625441172966,41285342755.0,112387921999.0,1.0001,0.9993,1.0028,0.9987,1.0012,1.0022,11,7,7,July,2024
11:28:33,2024-07-07,Tether,3,3419,317,18559,4878,1.08372533074166,112223789756.0,112223789756.0,0.0,USDT,1.0014540498797544,41293146099.0,112386968744.0,1.0001,0.9993,1.0028,0.9987,1.0011,1.0022,11,7,7,July,2024
11:28:57,2024-07-07,Tether,3,3419,317,18559,4878,1.08372533074166,112223789756.0,112223789756.0,0.0,USDT,1.0014357042624105,41299701474.0,112384909929.0,1.0,0.9993,1.0028,0.9987,1.0011,1.0021,11,7,7,July,2024
11:30:31,2024-07-07,Tether,3,3419,317,18558,4878,1.08372533074166,112223789756.0,112223789756.0,0.0,USDT,1.0014337804820568,41276975921.0,112384694035.0,1.0,0.9993,1.0028,0.9987,1.0011,1.0021,11,7,7,July,2024
11:30:55,2024-07-07,Tether,3,3419,317,18558,4878,1.08372533074166,112223789756.0,112223789756.0,0.0,USDT,1.0014605429099928,41266673611.0,112387697416.0,1.0001,0.9993,1.0028,0.9987,1.0012,1.0022,11,7,7,July,2024
11:31:16,2024-07-07,Tether,3,3419,317,18558,4878,1.08372533074166,112223789756.0,112223789756.0,0.0,USDT,1.0014678934432995,41251722362.0,112388522321.0,1.0002,0.9994,1.0028,0.9987,1.0011,1.0021,11,7,7,July,2024
11:31:38,2024-07-07,Tether,3,3419,317,18558,4878,1.08372533074166,112223789756.0,112223789756.0,0.0,USDT,1.0014758204720855,41252747143.0,112389411922.0,1.0002,0.9994,1.0028,0.9987,1.0012,1.0021,11,7,7,July,2024
11:32:00,2024-07-07,Tether,3,3419,317,18558,4878,1.08372533074166,112223789756.0,112223789756.0,0.0,USDT,1.0014767128715105,41233286676.0,112389512070.0,1.0002,0.9994,1.0028,0.9987,1.0012,1.0021,11,7,7,July,2024
11:32:24,2024-07-07,Tether,3,3419,317,18558,4878,1.08372533074166,112223789756.0,112223789756.0,0.0,USDT,1.001480191134464,41204557601.0,112389902414.0,1.0002,0.9994,1.0028,0.9987,1.0012,1.0022,11,7,7,July,2024
11:32:46,2024-07-07,Tether,3,3419,317,18558,4878,1.08372533074166,112223789756.0,112223789756.0,0.0,USDT,1.0014787241533127,41188930413.0,112389737784.0,1.0002,0.9994,1.0028,0.9987,1.0012,1.0021,11,7,7,July,2024
11:33:06,2024-07-07,Tether,3,3419,317,18558,4878,1.08372533074166,112223789756.0,112223789756.0,0.0,USDT,1.0014787688080633,41178639204.0,112389742795.0,1.0002,0.9994,1.0028,0.9987,1.0012,1.0021,11,7,7,July,2024
11:33:31,2024-07-07,Tether,3,3419,317,18558,4878,1.08372533074166,112223789756.0,112223789756.0,0.0,USDT,1.00146553329314,41152660121.0,112388257456.0,1.0002,0.9994,1.0028,0.9987,1.0011,1.0021,11,7,7,July,2024
11:33:50,2024-07-07,Tether,3,3419,317,18558,4878,1.08372533074166,112223789756.0,112223789756.0,0.0,USDT,1.0014788668010097,41149216375.0,112389753792.0,1.0002,0.9994,1.0028,0.9987,1.0012,1.0021,11,7,7,July,2024
11:34:11,2024-07-07,Tether,3,3419,317,18557,4878,1.08372533074166,112223789756.0,112223789756.0,0.0,USDT,1.0014476033439956,41138805319.0,112386245289.0,1.0002,0.9994,1.0027,0.9987,1.0011,1.0021,11,7,7,July,2024
11:34:37,2024-07-07,Tether,3,3419,317,18557,4878,1.08372533074166,112223789756.0,112223789756.0,0.0,USDT,1.0014615846008554,41135336336.0,112387814318.0,1.0002,0.9994,1.0028,0.9987,1.0011,1.0021,11,7,7,July,2024
11:34:58,2024-07-07,Tether,3,3419,317,18556,4877,1.08372533074166,112223789756.0,112223789756.0,0.0,USDT,1.0014633098665935,41118233180.0,112388007934.0,1.0002,0.9994,1.0028,0.9987,1.0011,1.0021,11,7,7,July,2024
11:35:20,2024-07-07,Tether,3,3419,317,18554,4876,1.08372533074166,112223789756.0,112223789756.0,0.0,USDT,1.0014578498490274,41107723906.0,112387395190.0,1.0001,0.9994,1.0027,0.9987,1.0011,1.0021,11,7,7,July,2024
11:35:41,2024-07-07,Tether,3,3419,317,18554,4876,1.08372533074166,112223789756.0,112223789756.0,0.0,USDT,1.0014751579835115,41101402036.0,112389337575.0,1.0001,0.9994,1.0027,0.9987,1.0012,1.0021,11,7,7,July,2024
11:36:03,2024-07-07,Tether,3,3419,317,18554,4876,1.08372533074166,112223789756.0,112223789756.0,0.0,USDT,1.0014858670042612,41092278949.0,112390539382.0,1.0001,0.9994,1.0027,0.9987,1.0012,1.0021,11,7,7,July,2024
11:36:24,2024-07-07,Tether,3,3419,317,18554,4876,1.08372533074166,112223789756.0,112223789756.0,0.0,USDT,1.00148590738935,41088156640.0,112390543914.0,1.0001,0.9994,1.0027,0.9987,1.0012,1.0021,11,7,7,July,2024
11:36:47,2024-07-07,Tether,3,3419,317,18554,4876,1.08372533074166,112223789756.0,112223789756.0,0.0,USDT,1.001514378472149,41058512722.0,112393739047.0,1.0002,0.9994,1.0028,0.9987,1.0012,1.0021,11,7,7,July,2024
11:37:09,2024-07-07,Tether,3,3419,317,18554,4876,1.08372533074166,112223789756.0,112223789756.0,0.0,USDT,1.0015130087133295,41051727539.0,112393585327.0,1.0002,0.9994,1.0028,0.9987,1.0012,1.0021,11,7,7,July,2024
11:37:34,2024-07-07,Tether,3,3419,317,18554,4876,1.08372533074166,112223789756.0,112223789756.0,0.0,USDT,1.0014886678492276,41054760084.0,112390853703.0,1.0002,0.9994,1.0028,0.9987,1.0012,1.0021,11,7,7,July,2024
11:37:57,2024-07-07,Tether,3,3419,317,18552,4874,1.08372533074166,112223789756.0,112223789756.0,0.0,USDT,1.0014758963837993,41051218130.0,112389420441.0,1.0001,0.9994,1.0027,0.9987,1.0012,1.0021,11,7,7,July,2024
11:38:25,2024-07-07,Tether,3,3419,317,18552,4874,1.08372533074166,112223789756.0,112223789756.0,0.0,USDT,1.001472487584828,41047901833.0,112389037893.0,1.0001,0.9994,1.0027,0.9987,1.0012,1.0021,11,7,7,July,2024
11:39:12,2024-07-07,Tether,3,3419,317,18554,4875,1.08372533074166,112223789756.0,112223789756.0,0.0,USDT,1.0014892652059213,41041782430.0,112390920741.0,1.0002,0.9994,1.0028,0.9987,1.0012,1.0021,11,7,7,July,2024
11:40:22,2024-07-07,Tether,3,3419,317,18554,4875,1.08372533074166,112223789756.0,112223789756.0,0.0,USDT,1.0014674090613787,41050107560.0,112388467961.0,1.0001,0.9994,1.0027,0.9987,1.0011,1.0021,11,7,7,July,2024
11:40:46,2024-07-07,Tether,3,3419,317,18554,4875,1.08372533074166,112223789756.0,112223789756.0,0.0,USDT,1.0014835238763111,41053061800.0,112390276427.0,1.0002,0.9995,1.0027,0.9986,1.0012,1.0022,11,7,7,July,2024
11:41:08,2024-07-07,Tether,3,3419,317,18554,4875,1.08372533074166,112223789756.0,112223789756.0,0.0,USDT,1.001480820228113,41049400509.0,112389973013.0,1.0002,0.9995,1.0027,0.9986,1.0012,1.0022,11,7,7,July,2024
11:41:29,2024-07-07,Tether,3,3419,317,18553,4875,1.08372533074166,112223789756.0,112223789756.0,0.0,USDT,1.00146621536132,41062203632.0,112388334000.0,1.0002,0.9994,1.0027,0.9986,1.0012,1.0021,11,7,7,July,2024
11:41:50,2024-07-07,Tether,3,3419,317,18553,4875,1.08372533074166,112223789756.0,112223789756.0,0.0,USDT,1.001471349593858,41099443222.0,112388910183.0,1.0002,0.9994,1.0027,0.9986,1.0012,1.0022,11,7,7,July,2024
11:42:13,2024-07-07,Tether,3,3419,317,18553,4875,1.08372533074166,112223789756.0,112223789756.0,0.0,USDT,1.0014471123813518,41090062874.0,112386190191.0,1.0001,0.9994,1.0027,0.9986,1.0012,1.0021,11,7,7,July,2024
11:42:37,2024-07-07,Tether,3,3419,317,18553,4875,1.08372533074166,112223789756.0,112223789756.0,0.0,USDT,1.0014394484049816,41098631684.0,112385330111.0,1.0001,0.9994,1.0027,0.9986,1.0011,1.0021,11,7,7,July,2024
11:43:22,2024-07-07,Tether,3,3419,317,18553,4875,1.08372533074166,112223789756.0,112223789756.0,0.0,USDT,1.0014030208332032,41097306428.0,112381242071.0,1.0001,0.9994,1.0026,0.9985,1.0011,1.0021,11,7,7,July,2024
11:44:29,2024-07-07,Tether,3,3419,317,18554,4875,1.08372533074166,112223789756.0,112223789756.0,0.0,USDT,1.0014122383565014,41099390341.0,112382276496.0,1.0001,0.9994,1.0027,0.9985,1.0011,1.0021,11,7,7,July,2024
11:44:51,2024-07-07,Tether,3,3419,317,18554,4875,1.08372533074166,112223789756.0,112223789756.0,0.0,USDT,1.0014464717623888,41089060113.0,112386118298.0,1.0001,0.9994,1.0027,0.9986,1.0011,1.0021,11,7,7,July,2024
11:45:13,2024-07-07,Tether,3,3419,317,18554,4875,1.08372533074166,112223789756.0,112223789756.0,0.0,USDT,1.001447213480065,41087885887.0,112386201537.0,1.0001,0.9994,1.0027,0.9986,1.0012,1.0021,11,7,7,July,2024
11:45:33,2024-07-07,Tether,3,3419,317,18554,4875,1.08372533074166,112223789756.0,112223789756.0,0.0,USDT,1.0014509062500447,41078487900.0,112386615953.0,1.0001,0.9994,1.0027,0.9986,1.0012,1.0021,11,7,7,July,2024
11:45:55,2024-07-07,Tether,3,3419,317,18554,4875,1.08372533074166,112223789756.0,112223789756.0,0.0,USDT,1.0014423395171004,41060425002.0,112385654562.0,1.0001,0.9994,1.0027,0.9986,1.0011,1.0021,11,7,7,July,2024
11:46:18,2024-07-07,Tether,3,3419,317,18553,4875,1.08372533074166,112223789756.0,112223789756.0,0.0,USDT,1.0014440990275182,41033102723.0,112385852021.0,1.0002,0.9994,1.0027,0.9986,1.0011,1.0021,11,7,7,July,2024
11:46:38,2024-07-07,Tether,3,3419,317,18553,4875,1.08372533074166,112223789756.0,112223789756.0,0.0,USDT,1.001441626701481,41009221500.0,112385574567.0,1.0002,0.9994,1.0027,0.9986,1.0011,1.0021,11,7,7,July,2024
11:47:00,2024-07-07,Tether,3,3419,317,18553,4875,1.08372533074166,112223789756.0,112223789756.0,0.0,USDT,1.0014447519071508,40995761933.0,112385925290.0,1.0002,0.9994,1.0027,0.9986,1.0011,1.0021,11,7,7,July,2024
11:47:24,2024-07-07,Tether,3,3419,317,18553,4875,1.08372533074166,112223789756.0,112223789756.0,0.0,USDT,1.0014596229385937,40975927434.0,112387594173.0,1.0002,0.9995,1.0028,0.9986,1.0011,1.0021,11,7,7,July,2024
11:47:45,2024-07-07,Tether,3,3419,317,18553,4875,1.08372533074166,112223789756.0,112223789756.0,0.0,USDT,1.0014580006613143,40971461217.0,112387412115.0,1.0002,0.9995,1.0028,0.9986,1.0011,1.0021,11,7,7,July,2024
11:48:22,2024-07-07,Tether,3,3419,317,18553,4875,1.08372533074166,112223789756.0,112223789756.0,0.0,USDT,1.0014664304928804,40975157412.0,112388358143.0,1.0002,0.9995,1.0028,0.9986,1.0011,1.0021,11,7,7,July,2024
11:48:48,2024-07-07,Tether,3,3419,317,18553,4875,1.08372533074166,112223789756.0,112223789756.0,0.0,USDT,1.0014872401057884,40972227088.0,112390693476.0,1.0002,0.9995,1.0028,0.9986,1.0011,1.0021,11,7,7,July,2024
11:49:07,2024-07-07,Tether,3,3419,317,18552,4875,1.08372533074166,112223789756.0,112223789756.0,0.0,USDT,1.0014837006904302,40966118010.0,112390296270.0,1.0002,0.9995,1.0028,0.9986,1.0011,1.0021,11,7,7,July,2024
11:49:42,2024-07-07,Tether,3,3419,317,18552,4875,1.08372533074166,112223789756.0,112223789756.0,0.0,USDT,1.0014847357600498,40947864856.0,112390412429.0,1.0002,0.9995,1.0028,0.9986,1.0011,1.0021,11,7,7,July,2024
11:50:19,2024-07-07,Tether,3,3419,317,18552,4875,1.08372533074166,112223789756.0,112223789756.0,0.0,USDT,1.0014752606754818,40925262606.0,112389349099.0,1.0002,0.9995,1.0028,0.9986,1.0011,1.0021,11,7,7,July,2024
11:51:40,2024-07-07,Tether,3,3419,317,18551,4875,1.08372533074166,112223789756.0,112223789756.0,0.0,USDT,1.0014610182469457,40874195172.0,112387750760.0,1.0001,0.9994,1.0028,0.9986,1.001,1.0021,11,7,7,July,2024
11:52:03,2024-07-07,Tether,3,3419,317,18551,4875,1.08372533074166,112223789756.0,112223789756.0,0.0,USDT,1.0014844359039725,40865253566.0,112390378778.0,1.0001,0.9995,1.0028,0.9986,1.0011,1.0021,11,7,7,July,2024
11:52:37,2024-07-07,Tether,3,3419,317,18551,4875,1.08372533074166,112223789756.0,112223789756.0,0.0,USDT,1.0014965873657964,40852393000.0,112391742461.0,1.0001,0.9995,1.0028,0.9986,1.0011,1.0021,11,7,7,July,2024
11:53:18,2024-07-07,Tether,3,3419,317,18551,4875,1.08372533074166,112223789756.0,112223789756.0,0.0,USDT,1.0015366625170643,40851515160.0,112396239847.0,1.0001,0.9995,1.0028,0.9987,1.0011,1.0022,11,7,7,July,2024
11:54:25,2024-07-07,Tether,3,3419,317,18551,4874,1.08372533074166,112223789756.0,112223789756.0,0.0,USDT,1.0014873406686153,40845796218.0,112390704762.0,1.0001,0.9995,1.0028,0.9986,1.0011,1.0021,11,7,7,July,2024
11:54:47,2024-07-07,Tether,3,3419,317,18551,4874,1.08372533074166,112223789756.0,112223789756.0,0.0,USDT,1.0014913068394231,40844257221.0,112391149861.0,1.0001,0.9995,1.0028,0.9986,1.0011,1.0021,11,7,7,July,2024
11:55:11,2024-07-07,Tether,3,3419,317,18551,4874,1.08372533074166,112223789756.0,112223789756.0,0.0,USDT,1.0015038638425997,40844003479.0,112392559055.0,1.0001,0.9995,1.0028,0.9986,1.0011,1.0021,11,7,7,July,2024
11:55:35,2024-07-07,Tether,3,3419,317,18551,4874,1.08372533074166,112223789756.0,112223789756.0,0.0,USDT,1.0014758130187922,40845540412.0,112389411085.0,1.0002,0.9995,1.0029,0.9987,1.001,1.002,11,7,7,July,2024
11:55:58,2024-07-07,Tether,3,3419,317,18551,4874,1.08372533074166,112223789756.0,112223789756.0,0.0,USDT,1.0014908914026324,40841818896.0,112391103239.0,1.0002,0.9995,1.0029,0.9987,1.001,1.0021,11,7,7,July,2024
11:56:20,2024-07-07,Tether,3,3419,317,18551,4874,1.08372533074166,112223789756.0,112223789756.0,0.0,USDT,1.0014999363296087,40845339880.0,112392118295.0,1.0002,0.9995,1.0029,0.9987,1.001,1.0021,11,7,7,July,2024
11:56:42,2024-07-07,Tether,3,3419,317,18549,4873,1.08372533074166,112223789756.0,112223789756.0,0.0,USDT,1.0014999363296087,40845339880.0,112392118295.0,1.0002,0.9995,1.0029,0.9987,1.001,1.0021,11,7,7,July,2024
11:57:01,2024-07-07,Tether,3,3419,317,18549,4873,1.08372533074166,112223789756.0,112223789756.0,0.0,USDT,1.0015040594172104,40902355845.0,112392581003.0,1.0002,0.9995,1.0029,0.9987,1.001,1.0021,11,7,7,July,2024
11:57:30,2024-07-07,Tether,3,3419,317,18549,4873,1.08372533074166,112223789756.0,112223789756.0,0.0,USDT,1.0014819211152317,40938893135.0,112390096559.0,1.0002,0.9995,1.0029,0.9987,1.001,1.0021,11,7,7,July,2024
11:57:56,2024-07-07,Tether,3,3419,317,18549,4873,1.08372533074166,112223789756.0,112223789756.0,0.0,USDT,1.0014764457282794,40945166101.0,112389482090.0,1.0002,0.9995,1.0029,0.9987,1.001,1.0021,11,7,7,July,2024
11:58:24,2024-07-07,Tether,3,3419,317,18549,4873,1.08372533074166,112223789756.0,112223789756.0,0.0,USDT,1.0014732980663235,40929582944.0,112389128848.0,1.0002,0.9995,1.0029,0.9987,1.001,1.002,11,7,7,July,2024
11:58:48,2024-07-07,Tether,3,3419,317,18549,4873,1.08372533074166,112223789756.0,112223789756.0,0.0,USDT,1.0014685726574426,40916319952.0,112388598545.0,1.0002,0.9995,1.0029,0.9987,1.001,1.002,11,7,7,July,2024
11:59:12,2024-07-07,Tether,3,3419,317,18549,4873,1.08372533074166,112223789756.0,112223789756.0,0.0,USDT,1.0014676812146226,40904161681.0,112388498504.0,1.0002,0.9995,1.0029,0.9987,1.001,1.002,11,7,7,July,2024
12:00:52,2024-07-07,Tether,3,3419,317,18549,4873,1.08372533074166,112223789756.0,112223789756.0,0.0,USDT,1.001451592221595,40328122265.0,112386692936.0,1.0002,0.9995,1.0028,0.9987,1.0012,1.0021,12,7,7,July,2024
12:01:22,2024-07-07,Tether,3,3419,317,18549,4873,1.08372533074166,112223789756.0,112223789756.0,0.0,USDT,1.0014534105674786,40311660494.0,112386896997.0,1.0002,0.9995,1.0028,0.9987,1.0012,1.0021,12,7,7,July,2024
12:01:57,2024-07-07,Tether,3,3419,317,18549,4873,1.08372533074166,112223789756.0,112223789756.0,0.0,USDT,1.001445271284337,40387581527.0,112385983576.0,1.0002,0.9995,1.0028,0.9986,1.0012,1.002,12,7,7,July,2024
12:10:26,2024-07-07,Tether,3,3419,317,18548,4873,1.08372533074166,112223789756.0,112223789756.0,0.0,USDT,1.0014752757852847,40406012257.0,112389350795.0,1.0,0.9993,1.0027,0.9985,1.0012,1.002,12,7,7,July,2024
12:11:28,2024-07-07,Tether,3,3419,317,18548,4873,1.08372533074166,112223789756.0,112223789756.0,0.0,USDT,1.0014718637136601,40449928231.0,112388967879.0,1.0,0.9993,1.0027,0.9985,1.0012,1.002,12,7,7,July,2024
12:13:15,2024-07-07,Tether,3,3419,317,18549,4873,1.08372533074166,112223789756.0,112223789756.0,0.0,USDT,1.0014406737425918,40611342329.0,112385467623.0,1.0,0.9993,1.0027,0.9985,1.0011,1.002,12,7,7,July,2024
12:13:41,2024-07-07,Tether,3,3419,317,18549,4873,1.08372533074166,112223789756.0,112223789756.0,0.0,USDT,1.0014405108630486,40608422788.0,112385449344.0,1.0,0.9993,1.0027,0.9985,1.0011,1.002,12,7,7,July,2024
12:14:03,2024-07-07,Tether,3,3419,317,18549,4873,1.08372533074166,112223789756.0,112223789756.0,0.0,USDT,1.001473090473568,40602555914.0,112389105551.0,1.0,0.9993,1.0027,0.9985,1.0012,1.002,12,7,7,July,2024
12:15:48,2024-07-07,Tether,3,3419,317,18549,4873,1.08372533074166,112223789756.0,112223789756.0,0.0,USDT,1.0014809652579755,40581575734.0,112389989289.0,1.0,0.9993,1.0027,0.9984,1.001,1.002,12,7,7,July,2024
12:18:15,2024-07-07,Tether,3,3419,317,18547,4873,1.08372533074166,112223789756.0,112223789756.0,0.0,USDT,1.001457020913299,40562259376.0,112387302164.0,1.0,0.9993,1.0027,0.9984,1.001,1.002,12,7,7,July,2024
12:18:42,2024-07-07,Tether,3,3419,317,18547,4873,1.08372533074166,112223789756.0,112223789756.0,0.0,USDT,1.001443447090889,40583892727.0,112385778858.0,1.0,0.9993,1.0027,0.9984,1.001,1.002,12,7,7,July,2024
12:31:48,2024-07-07,Tether,3,3419,317,18545,4874,1.08372533074166,112223789756.0,112223789756.0,0.0,USDT,1.0015139562187578,40109558809.0,112393691660.0,1.0,0.9995,1.0028,0.9985,1.0011,1.002,12,7,7,July,2024
12:49:26,2024-07-07,Tether,3,3419,317,18540,4873,1.08372533074166,112223789756.0,112223789756.0,0.0,USDT,1.001447643300528,39603940817.0,112386249773.0,1.0,0.9994,1.0026,0.9984,1.0016,1.002,12,7,7,July,2024
12:53:26,2024-07-07,Tether,3,3419,317,18538,4872,1.08372533074166,112223789756.0,112223789756.0,0.0,USDT,1.001426689281102,39349106431.0,112383898233.0,0.9999,0.9994,1.0026,0.9984,1.0015,1.0019,12,7,7,July,2024
12:54:50,2024-07-07,Tether,3,3419,317,18538,4872,1.08372533074166,112223789756.0,112223789756.0,0.0,USDT,1.0014360566558471,39314624387.0,112384949476.0,0.9999,0.9994,1.0026,0.9984,1.0015,1.0019,12,7,7,July,2024
12:56:17,2024-07-07,Tether,3,3419,317,18537,4872,1.08372533074166,112223789756.0,112223789756.0,0.0,USDT,1.0014472488388508,39267617548.0,112386205505.0,0.9999,0.9994,1.0026,0.9985,1.0016,1.002,12,7,7,July,2024
12:56:39,2024-07-07,Tether,3,3419,317,18537,4872,1.08372533074166,112223789756.0,112223789756.0,0.0,USDT,1.0014609559948087,39250117070.0,112387743774.0,0.9999,0.9994,1.0026,0.9985,1.0016,1.002,12,7,7,July,2024
12:57:03,2024-07-07,Tether,3,3419,317,18537,4872,1.08372533074166,112223789756.0,112223789756.0,0.0,USDT,1.0015167144409123,39236699893.0,112394001198.0,1.0,0.9995,1.0027,0.9985,1.0017,1.002,12,7,7,July,2024
12:57:25,2024-07-07,Tether,3,3419,317,18536,4872,1.08372533074166,112223789756.0,112223789756.0,0.0,USDT,1.0015192435767004,39226412043.0,112394285027.0,1.0,0.9995,1.0027,0.9985,1.0017,1.002,12,7,7,July,2024
12:57:49,2024-07-07,Tether,3,3419,317,18536,4872,1.08372533074166,112223789756.0,112223789756.0,0.0,USDT,1.001511686039747,39224508405.0,112393436892.0,1.0,0.9995,1.0027,0.9985,1.0017,1.002,12,7,7,July,2024
12:58:09,2024-07-07,Tether,3,3419,317,18536,4872,1.08372533074166,112223789756.0,112223789756.0,0.0,USDT,1.0015080143406094,39225085548.0,112393024840.0,0.9999,0.9995,1.0027,0.9985,1.0016,1.002,12,7,7,July,2024
12:58:30,2024-07-07,Tether,3,3419,317,18535,4872,1.08372533074166,112223789756.0,112223789756.0,0.0,USDT,1.0014920692297802,39226272483.0,112391235419.0,0.9999,0.9994,1.0026,0.9985,1.0016,1.002,12,7,7,July,2024
12:58:51,2024-07-07,Tether,3,3419,317,18535,4872,1.08372533074166,112223789756.0,112223789756.0,0.0,USDT,1.0014813299155931,39227361752.0,112390030213.0,0.9999,0.9994,1.0026,0.9985,1.0016,1.002,12,7,7,July,2024
12:59:37,2024-07-07,Tether,3,3419,317,18535,4872,1.08372533074166,112223789756.0,112223789756.0,0.0,USDT,1.0015065585595442,39243347168.0,112392861467.0,0.9999,0.9995,1.0027,0.9985,1.0016,1.002,12,7,7,July,2024
12:59:58,2024-07-07,Tether,3,3419,317,18535,4872,1.08372533074166,112223789756.0,112223789756.0,0.0,USDT,1.001482964216767,39237717133.0,112390213620.0,0.9999,0.9994,1.0026,0.9985,1.0016,1.002,12,7,7,July,2024
13:00:22,2024-07-07,Tether,3,3419,317,18535,4872,1.08372533074166,112223789756.0,112223789756.0,0.0,USDT,1.00147082208511,39235360530.0,112388850984.0,0.9999,0.9994,1.0026,0.9985,1.0016,1.002,13,7,7,July,2024
13:00:44,2024-07-07,Tether,3,3419,317,18535,4872,1.08372533074166,112223789756.0,112223789756.0,0.0,USDT,1.0014554102318898,39227951523.0,112387121407.0,0.9999,0.9994,1.0026,0.9985,1.0016,1.0019,13,7,7,July,2024
13:01:07,2024-07-07,Tether,3,3419,317,18534,4872,1.08372533074166,112223789756.0,112223789756.0,0.0,USDT,1.0014771917499954,39196440456.0,112389565812.0,1.0,0.9994,1.0026,0.9985,1.0016,1.0019,13,7,7,July,2024
13:01:28,2024-07-07,Tether,3,3419,317,18533,4872,1.08372533074166,112223789756.0,112223789756.0,0.0,USDT,1.0015058763385085,39186277760.0,112392784905.0,1.0,0.9995,1.0026,0.9985,1.0017,1.0019,13,7,7,July,2024
13:01:51,2024-07-07,Tether,3,3419,317,18533,4872,1.08372533074166,112223789756.0,112223789756.0,0.0,USDT,1.0014742350896697,39181501676.0,112389234004.0,1.0,0.9994,1.0026,0.9985,1.0016,1.0019,13,7,7,July,2024
13:02:12,2024-07-07,Tether,3,3419,317,18533,4872,1.08372533074166,112223789756.0,112223789756.0,0.0,USDT,1.0014669359669766,39175571291.0,112388414869.0,1.0,0.9994,1.0026,0.9985,1.0016,1.0019,13,7,7,July,2024
13:02:36,2024-07-07,Tether,3,3419,317,18533,4872,1.08372533074166,112223789756.0,112223789756.0,0.0,USDT,1.0014532955371258,39176952826.0,112386884088.0,0.9999,0.9994,1.0026,0.9985,1.0016,1.0019,13,7,7,July,2024
13:03:00,2024-07-07,Tether,3,3419,317,18533,4872,1.08372533074166,112223789756.0,112223789756.0,0.0,USDT,1.0014507590203632,39171141629.0,112386599431.0,0.9999,0.9994,1.0026,0.9985,1.0016,1.0019,13,7,7,July,2024
13:03:23,2024-07-07,Tether,3,3419,317,18533,4872,1.08372533074166,112223789756.0,112223789756.0,0.0,USDT,1.0014528590256835,39166436255.0,112386835101.0,0.9999,0.9994,1.0026,0.9985,1.0016,1.0019,13,7,7,July,2024
13:03:49,2024-07-07,Tether,3,3419,317,18533,4872,1.08372533074166,112223789756.0,112223789756.0,0.0,USDT,1.0014511523532157,39159519532.0,112386643572.0,0.9999,0.9994,1.0026,0.9985,1.0016,1.0019,13,7,7,July,2024
13:04:09,2024-07-07,Tether,3,3419,317,18533,4872,1.08372533074166,112223789756.0,112223789756.0,0.0,USDT,1.0014815055539465,39152931584.0,112390049923.0,1.0,0.9994,1.0026,0.9985,1.0016,1.0019,13,7,7,July,2024
13:04:34,2024-07-07,Tether,3,3419,317,18533,4872,1.08372533074166,112223789756.0,112223789756.0,0.0,USDT,1.0015065428057393,39141014646.0,112392859699.0,1.0,0.9995,1.0026,0.9985,1.0017,1.0019,13,7,7,July,2024
13:04:58,2024-07-07,Tether,3,3419,317,18533,4872,1.08372533074166,112223789756.0,112223789756.0,0.0,USDT,1.001540315726054,39127826673.0,112396649824.0,1.0,0.9995,1.0027,0.9985,1.0017,1.002,13,7,7,July,2024
13:05:24,2024-07-07,Tether,3,3419,317,18532,4872,1.08372533074166,112223789756.0,112223789756.0,0.0,USDT,1.0015348782743823,39121167232.0,112396039612.0,1.0,0.9995,1.0027,0.9985,1.0017,1.002,13,7,7,July,2024
13:05:47,2024-07-07,Tether,3,3419,317,18532,4872,1.08372533074166,112223789756.0,112223789756.0,0.0,USDT,1.0014977826604854,39138133474.0,112391876602.0,1.0,0.9995,1.0026,0.9985,1.0016,1.0019,13,7,7,July,2024
13:06:09,2024-07-07,Tether,3,3419,317,18531,4871,1.08372533074166,112223789756.0,112223789756.0,0.0,USDT,1.001474859432801,39140856269.0,112389304070.0,0.9999,0.9993,1.0026,0.9983,1.0016,1.002,13,7,7,July,2024
13:06:29,2024-07-07,Tether,3,3419,317,18531,4871,1.08372533074166,112223789756.0,112223789756.0,0.0,USDT,1.0014934251132253,39198421867.0,112391387581.0,0.9999,0.9994,1.0026,0.9983,1.0016,1.002,13,7,7,July,2024
13:06:50,2024-07-07,Tether,3,3419,317,18531,4871,1.08372533074166,112223789756.0,112223789756.0,0.0,USDT,1.0014960337597931,39202640742.0,112391680334.0,0.9999,0.9994,1.0026,0.9983,1.0016,1.002,13,7,7,July,2024
13:07:10,2024-07-07,Tether,3,3419,317,18531,4871,1.08372533074166,112223789756.0,112223789756.0,0.0,USDT,1.0014873681170986,39201612241.0,112390707842.0,0.9999,0.9994,1.0026,0.9983,1.0016,1.002,13,7,7,July,2024
13:07:40,2024-07-07,Tether,3,3419,317,18531,4871,1.08372533074166,112223789756.0,112223789756.0,0.0,USDT,1.0015033454204045,39192895512.0,112392500876.0,1.0,0.9994,1.0026,0.9983,1.0016,1.002,13,7,7,July,2024
13:08:12,2024-07-07,Tether,3,3419,317,18530,4871,1.08372533074166,112223789756.0,112223789756.0,0.0,USDT,1.001508858780592,39185003573.0,112393119606.0,1.0,0.9994,1.0026,0.9983,1.0016,1.002,13,7,7,July,2024
13:08:42,2024-07-07,Tether,3,3419,317,18529,4871,1.08372533074166,112223789756.0,112223789756.0,0.0,USDT,1.0014962054966723,39182379518.0,112391699607.0,0.9999,0.9994,1.0026,0.9983,1.0016,1.002,13,7,7,July,2024
13:09:07,2024-07-07,Tether,3,3419,317,18529,4871,1.08372533074166,112223789756.0,112223789756.0,0.0,USDT,1.001519809548214,39172906392.0,112394348543.0,1.0,0.9994,1.0026,0.9983,1.0016,1.002,13,7,7,July,2024
13:09:59,2024-07-07,Tether,3,3419,317,18529,4871,1.08372533074166,112223789756.0,112223789756.0,0.0,USDT,1.0015400393025145,39149295950.0,112396618802.0,1.0,0.9994,1.0026,0.9984,1.0017,1.002,13,7,7,July,2024
13:10:20,2024-07-07,Tether,3,3419,317,18529,4871,1.08372533074166,112223789756.0,112223789756.0,0.0,USDT,1.0015400393025145,39149295950.0,112396618802.0,1.0,0.9994,1.0026,0.9984,1.0017,1.002,13,7,7,July,2024
13:10:44,2024-07-07,Tether,3,3419,317,18529,4871,1.08372533074166,112223789756.0,112223789756.0,0.0,USDT,1.0015440234201782,39119912179.0,112397065915.0,1.0,0.9994,1.0026,0.9984,1.0017,1.002,13,7,7,July,2024
13:11:05,2024-07-07,Tether,3,3419,317,18529,4871,1.08372533074166,112223789756.0,112223789756.0,0.0,USDT,1.0015371265235011,39119491713.0,112396291919.0,1.0,0.9994,1.0026,0.9984,1.0017,1.002,13,7,7,July,2024
13:11:30,2024-07-07,Tether,3,3419,317,18528,4871,1.08372533074166,112223789756.0,112223789756.0,0.0,USDT,1.001514065030724,39108753149.0,112393703871.0,1.0,0.9993,1.0026,0.9984,1.0018,1.002,13,7,7,July,2024
13:11:52,2024-07-07,Tether,3,3419,317,18528,4871,1.08372533074166,112223789756.0,112223789756.0,0.0,USDT,1.001518996665835,39110097060.0,112394257318.0,1.0,0.9993,1.0026,0.9984,1.0018,1.002,13,7,7,July,2024
13:12:30,2024-07-07,Tether,3,3419,317,18528,4871,1.08372533074166,112223789756.0,112223789756.0,0.0,USDT,1.0015223060687135,39103718916.0,112394628712.0,1.0,0.9993,1.0026,0.9984,1.0018,1.002,13,7,7,July,2024
13:12:56,2024-07-07,Tether,3,3419,317,18528,4871,1.08372533074166,112223789756.0,112223789756.0,0.0,USDT,1.001515734482281,39101457324.0,112393891223.0,1.0,0.9993,1.0026,0.9984,1.0018,1.002,13,7,7,July,2024
13:13:19,2024-07-07,Tether,3,3419,317,18528,4871,1.08372533074166,112223789756.0,112223789756.0,0.0,USDT,1.0015099558316258,39089916466.0,112393242721.0,1.0,0.9993,1.0026,0.9984,1.0018,1.002,13,7,7,July,2024
13:13:43,2024-07-07,Tether,3,3419,317,18528,4871,1.08372533074166,112223789756.0,112223789756.0,0.0,USDT,1.0015097237924155,39077915594.0,112393216681.0,1.0,0.9993,1.0026,0.9984,1.0018,1.002,13,7,7,July,2024
13:14:06,2024-07-07,Tether,3,3419,317,18527,4870,1.08372533074166,112223789756.0,112223789756.0,0.0,USDT,1.0015139558549615,39067604793.0,112393691619.0,1.0,0.9993,1.0026,0.9984,1.0018,1.002,13,7,7,July,2024
14:46:27,2024-07-07,Tether,3,3419,317,18515,4857,1.08372533074166,112223789756.0,112223789756.0,0.0,USDT,1.001738447382779,38784961431.0,112418884909.0,1.0,0.9999,1.0028,0.9974,1.0021,1.0021,14,7,7,July,2024
14:46:48,2024-07-07,Tether,3,3419,317,18515,4857,1.08372533074166,112223789756.0,112223789756.0,0.0,USDT,1.001769356561456,38789356254.0,112422353654.0,1.0001,0.9999,1.0029,0.9975,1.0022,1.0021,14,7,7,July,2024
14:47:28,2024-07-07,Tether,3,3419,317,18515,4857,1.08372533074166,112223789756.0,112223789756.0,0.0,USDT,1.001764791913897,38775933969.0,112421841392.0,1.0001,0.9999,1.0028,0.9975,1.0022,1.0021,14,7,7,July,2024
14:47:50,2024-07-07,Tether,3,3419,317,18515,4857,1.08372533074166,112223789756.0,112223789756.0,0.0,USDT,1.0017573428041517,38738265780.0,112421005425.0,1.0001,0.9999,1.0028,0.9975,1.0022,1.0021,14,7,7,July,2024
14:48:13,2024-07-07,Tether,3,3419,317,18515,4857,1.08372533074166,112223789756.0,112223789756.0,0.0,USDT,1.0017712932641545,38734868507.0,112422570998.0,1.0001,0.9999,1.0029,0.9975,1.0022,1.0021,14,7,7,July,2024
14:48:36,2024-07-07,Tether,3,3419,317,18515,4857,1.08372533074166,112223789756.0,112223789756.0,0.0,USDT,1.001747609359857,38736196684.0,112419913101.0,1.0,0.9999,1.0028,0.9974,1.0021,1.0021,14,7,7,July,2024
14:48:59,2024-07-07,Tether,3,3419,317,18514,4857,1.08372533074166,112223789756.0,112223789756.0,0.0,USDT,1.0017609014550772,38732702306.0,112421404790.0,1.0001,0.9999,1.0028,0.9975,1.0022,1.0021,14,7,7,July,2024
14:49:21,2024-07-07,Tether,3,3419,317,18514,4857,1.08372533074166,112223789756.0,112223789756.0,0.0,USDT,1.0017580574321079,38725544298.0,112421085623.0,1.0001,0.9999,1.0028,0.9975,1.0022,1.0021,14,7,7,July,2024
14:49:44,2024-07-07,Tether,3,3419,317,18514,4857,1.08372533074166,112223789756.0,112223789756.0,0.0,USDT,1.0017596781080285,38727151276.0,112421267502.0,1.0001,0.9999,1.0028,0.9975,1.0022,1.0021,14,7,7,July,2024
14:50:07,2024-07-07,Tether,3,3419,317,18514,4857,1.08372533074166,112223789756.0,112223789756.0,0.0,USDT,1.0017585232018658,38720982349.0,112421137894.0,1.0001,0.9999,1.0028,0.9975,1.0022,1.0021,14,7,7,July,2024
14:50:27,2024-07-07,Tether,3,3419,317,18514,4857,1.08372533074166,112223789756.0,112223789756.0,0.0,USDT,1.0017520720852493,38713782550.0,112420413925.0,1.0001,0.9999,1.0028,0.9975,1.0021,1.0021,14,7,7,July,2024
14:50:51,2024-07-07,Tether,3,3419,317,18514,4857,1.08372533074166,112223789756.0,112223789756.0,0.0,USDT,1.0017651094435736,38714833941.0,112421877027.0,1.0001,0.9999,1.003,0.9974,1.0023,1.0022,14,7,7,July,2024
14:51:11,2024-07-07,Tether,3,3419,317,18514,4857,1.08372533074166,112223789756.0,112223789756.0,0.0,USDT,1.0017880078012875,38705879536.0,112424446767.0,1.0001,0.9999,1.003,0.9974,1.0023,1.0022,14,7,7,July,2024
14:51:34,2024-07-07,Tether,3,3419,317,18514,4857,1.08372533074166,112223789756.0,112223789756.0,0.0,USDT,1.0017862746726263,38719728384.0,112424252269.0,1.0001,0.9999,1.003,0.9974,1.0023,1.0022,14,7,7,July,2024
14:51:57,2024-07-07,Tether,3,3419,317,18514,4857,1.08372533074166,112223789756.0,112223789756.0,0.0,USDT,1.0017862746726263,38719728384.0,112424252269.0,1.0001,0.9999,1.003,0.9974,1.0023,1.0022,14,7,7,July,2024
14:52:19,2024-07-07,Tether,3,3419,317,18514,4857,1.08372533074166,112223789756.0,112223789756.0,0.0,USDT,1.0017892262677617,38714244704.0,112424583508.0,1.0001,0.9999,1.003,0.9974,1.0023,1.0022,14,7,7,July,2024
14:52:42,2024-07-07,Tether,3,3419,317,18515,4857,1.08372533074166,112223789756.0,112223789756.0,0.0,USDT,1.0018131247851425,38712776932.0,112427265490.0,1.0001,1.0,1.0031,0.9975,1.0023,1.0022,14,7,7,July,2024
14:53:35,2024-07-07,Tether,3,3419,317,18515,4857,1.08372533074166,112223789756.0,112223789756.0,0.0,USDT,1.0018053238941869,38714638151.0,112426390045.0,1.0001,1.0,1.0031,0.9975,1.0023,1.0022,14,7,7,July,2024
14:53:59,2024-07-07,Tether,3,3419,317,18515,4857,1.08372533074166,112223789756.0,112223789756.0,0.0,USDT,1.0017958696419484,38720342023.0,112425329053.0,1.0001,0.9999,1.0031,0.9975,1.0023,1.0022,14,7,7,July,2024
14:54:26,2024-07-07,Tether,3,3419,317,18515,4857,1.08372533074166,112223789756.0,112223789756.0,0.0,USDT,1.0017895379893083,38719638649.0,112424618491.0,1.0001,0.9999,1.003,0.9974,1.0023,1.0022,14,7,7,July,2024
14:54:57,2024-07-07,Tether,3,3419,317,18514,4857,1.08372533074166,112223789756.0,112223789756.0,0.0,USDT,1.001800018654241,38722344140.0,112425794671.0,1.0001,0.9999,1.0031,0.9975,1.0023,1.0022,14,7,7,July,2024
14:55:21,2024-07-07,Tether,3,3419,317,18514,4857,1.08372533074166,112223789756.0,112223789756.0,0.0,USDT,1.001812217047194,38725055003.0,112427163620.0,1.0001,1.0,1.0031,0.9975,1.0023,1.0022,14,7,7,July,2024
14:55:42,2024-07-07,Tether,3,3419,317,18514,4857,1.08372533074166,112223789756.0,112223789756.0,0.0,USDT,1.001789690798679,38720395384.0,112424635639.0,1.0001,0.9999,1.003,0.9974,1.0023,1.0022,14,7,7,July,2024
14:56:07,2024-07-07,Tether,3,3419,317,18514,4857,1.08372533074166,112223789756.0,112223789756.0,0.0,USDT,1.0017678157839214,38721396735.0,112422180742.0,1.0001,0.9999,1.003,0.9975,1.0022,1.002,14,7,7,July,2024
14:56:29,2024-07-07,Tether,3,3419,317,18514,4857,1.08372533074166,112223789756.0,112223789756.0,0.0,USDT,1.001764026774293,38753953373.0,112421755525.0,1.0001,0.9999,1.003,0.9975,1.0022,1.002,14,7,7,July,2024
14:56:51,2024-07-07,Tether,3,3419,317,18514,4857,1.08372533074166,112223789756.0,112223789756.0,0.0,USDT,1.0017762747436154,38760129138.0,112423130039.0,1.0001,0.9999,1.003,0.9975,1.0022,1.002,14,7,7,July,2024
14:57:16,2024-07-07,Tether,3,3419,317,18514,4857,1.08372533074166,112223789756.0,112223789756.0,0.0,USDT,1.0017893549015562,38762157525.0,112424597944.0,1.0001,1.0,1.003,0.9975,1.0022,1.0021,14,7,7,July,2024
14:57:37,2024-07-07,Tether,3,3419,317,18514,4857,1.08372533074166,112223789756.0,112223789756.0,0.0,USDT,1.0017918640365266,38758313370.0,112424879528.0,1.0001,1.0,1.003,0.9975,1.0022,1.0021,14,7,7,July,2024
14:57:59,2024-07-07,Tether,3,3419,317,18515,4857,1.08372533074166,112223789756.0,112223789756.0,0.0,USDT,1.0018088783615635,38753753306.0,112426788940.0,1.0001,1.0,1.003,0.9975,1.0022,1.0021,14,7,7,July,2024
14:58:20,2024-07-07,Tether,3,3419,317,18515,4857,1.08372533074166,112223789756.0,112223789756.0,0.0,USDT,1.0018082637068089,38742870072.0,112426719962.0,1.0001,1.0,1.003,0.9975,1.0022,1.0021,14,7,7,July,2024
14:58:44,2024-07-07,Tether,3,3419,317,18515,4857,1.08372533074166,112223789756.0,112223789756.0,0.0,USDT,1.0018088683187822,38752216869.0,112426787813.0,1.0001,1.0,1.003,0.9975,1.0022,1.0021,14,7,7,July,2024
14:59:09,2024-07-07,Tether,3,3419,317,18516,4857,1.08372533074166,112223789756.0,112223789756.0,0.0,USDT,1.0017940760145363,38752710053.0,112425127765.0,1.0001,1.0,1.003,0.9975,1.0022,1.0021,14,7,7,July,2024
14:59:30,2024-07-07,Tether,3,3419,317,18516,4857,1.08372533074166,112223789756.0,112223789756.0,0.0,USDT,1.0017940674448873,38740516306.0,112425126803.0,1.0001,1.0,1.003,0.9975,1.0022,1.0021,14,7,7,July,2024
14:59:52,2024-07-07,Tether,3,3419,317,18515,4856,1.08372533074166,112223789756.0,112223789756.0,0.0,USDT,1.0017937555751262,38750054399.0,112425091804.0,1.0001,1.0,1.003,0.9975,1.0022,1.0021,14,7,7,July,2024
15:00:44,2024-07-07,Tether,3,3419,317,18515,4856,1.08372533074166,112223789756.0,112223789756.0,0.0,USDT,1.0018168493852198,38749336733.0,112427683479.0,1.0001,1.0,1.003,0.9975,1.0022,1.0021,15,7,7,July,2024
15:01:55,2024-07-07,Tether,3,3419,317,18515,4855,1.08372533074166,112223789756.0,112223789756.0,0.0,USDT,1.0018060190486604,38737739549.0,112426468058.0,1.0001,1.0,1.003,0.9976,1.0022,1.0022,15,7,7,July,2024
15:02:33,2024-07-07,Tether,3,3419,317,18514,4854,1.08372533074166,112223789756.0,112223789756.0,0.0,USDT,1.0018235561909912,38727180972.0,112428436142.0,1.0001,1.0,1.003,0.9976,1.0023,1.0022,15,7,7,July,2024
15:02:54,2024-07-07,Tether,3,3419,317,18514,4854,1.08372533074166,112223789756.0,112223789756.0,0.0,USDT,1.001836573742517,38712716677.0,112429897021.0,1.0002,1.0,1.003,0.9976,1.0023,1.0022,15,7,7,July,2024
15:03:18,2024-07-07,Tether,3,3419,317,18514,4854,1.08372533074166,112223789756.0,112223789756.0,0.0,USDT,1.001804667934852,38692230905.0,112426316430.0,1.0001,1.0,1.003,0.9976,1.0022,1.0022,15,7,7,July,2024
15:03:38,2024-07-07,Tether,3,3419,317,18514,4854,1.08372533074166,112223789756.0,112223789756.0,0.0,USDT,1.0017720770172225,38689393422.0,112422658954.0,1.0001,0.9999,1.003,0.9975,1.0022,1.0021,15,7,7,July,2024
15:04:00,2024-07-07,Tether,3,3419,317,18514,4854,1.08372533074166,112223789756.0,112223789756.0,0.0,USDT,1.0017927992273656,38680326335.0,112424984479.0,1.0001,1.0,1.003,0.9976,1.0022,1.0022,15,7,7,July,2024
15:04:23,2024-07-07,Tether,3,3419,317,18514,4854,1.08372533074166,112223789756.0,112223789756.0,0.0,USDT,1.001797250919402,38670882529.0,112425484065.0,1.0001,1.0,1.003,0.9976,1.0022,1.0022,15,7,7,July,2024
15:04:47,2024-07-07,Tether,3,3419,317,18514,4854,1.08372533074166,112223789756.0,112223789756.0,0.0,USDT,1.0017967481271766,38672864616.0,112425427640.0,1.0001,1.0,1.003,0.9976,1.0022,1.0022,15,7,7,July,2024
15:05:08,2024-07-07,Tether,3,3419,317,18513,4854,1.08372533074166,112223789756.0,112223789756.0,0.0,USDT,1.0017974761278592,38673350913.0,112425509339.0,1.0001,1.0,1.003,0.9976,1.0022,1.0022,15,7,7,July,2024
15:05:46,2024-07-07,Tether,3,3419,317,18513,4854,1.08372533074166,112223789756.0,112223789756.0,0.0,USDT,1.0018220106162563,38676808422.0,112428262692.0,1.0001,0.9999,1.0029,0.9975,1.0023,1.0022,15,7,7,July,2024
15:06:51,2024-07-07,Tether,3,3419,317,18513,4854,1.08372533074166,112223789756.0,112223789756.0,0.0,USDT,1.0017951453898548,38664006783.0,112425247774.0,1.0001,0.9999,1.0029,0.9975,1.0022,1.0022,15,7,7,July,2024
15:07:28,2024-07-07,Tether,3,3419,317,18513,4854,1.08372533074166,112223789756.0,112223789756.0,0.0,USDT,1.0017986950486273,38663112528.0,112425646130.0,1.0001,0.9999,1.0029,0.9975,1.0022,1.0022,15,7,7,July,2024
15:07:52,2024-07-07,Tether,3,3419,317,18513,4854,1.08372533074166,112223789756.0,112223789756.0,0.0,USDT,1.0017764031102048,38664344383.0,112423144445.0,1.0001,0.9999,1.0029,0.9975,1.0022,1.0022,15,7,7,July,2024
15:08:18,2024-07-07,Tether,3,3419,317,18513,4854,1.08372533074166,112223789756.0,112223789756.0,0.0,USDT,1.001771830560989,38663801345.0,112422631296.0,1.0001,0.9999,1.0029,0.9975,1.0022,1.0021,15,7,7,July,2024
15:08:38,2024-07-07,Tether,3,3419,317,18513,4854,1.08372533074166,112223789756.0,112223789756.0,0.0,USDT,1.0017715645790435,38661619154.0,112422601446.0,1.0001,0.9999,1.0029,0.9975,1.0022,1.0021,15,7,7,July,2024
15:09:00,2024-07-07,Tether,3,3419,317,18513,4854,1.08372533074166,112223789756.0,112223789756.0,0.0,USDT,1.0017831305636564,38667911936.0,112423899425.0,1.0001,0.9999,1.0029,0.9975,1.0022,1.0022,15,7,7,July,2024
15:09:22,2024-07-07,Tether,3,3419,317,18513,4854,1.08372533074166,112223789756.0,112223789756.0,0.0,USDT,1.0018007497540096,38670176584.0,112425876717.0,1.0001,0.9999,1.0029,0.9975,1.0022,1.0022,15,7,7,July,2024
15:09:45,2024-07-07,Tether,3,3419,317,18513,4854,1.08372533074166,112223789756.0,112223789756.0,0.0,USDT,1.0018337255642904,38686118580.0,112429577388.0,1.0001,0.9999,1.0029,0.9975,1.0023,1.0022,15,7,7,July,2024
15:10:07,2024-07-07,Tether,3,3419,317,18514,4854,1.08372533074166,112223789756.0,112223789756.0,0.0,USDT,1.0018270790878259,38684353669.0,112428831495.0,1.0001,0.9999,1.0029,0.9975,1.0023,1.0022,15,7,7,July,2024
15:10:31,2024-07-07,Tether,3,3419,317,18514,4854,1.08372533074166,112223789756.0,112223789756.0,0.0,USDT,1.0018287407794078,38681158351.0,112429017976.0,1.0001,0.9999,1.0029,0.9975,1.0023,1.0022,15,7,7,July,2024
15:10:55,2024-07-07,Tether,3,3419,317,18514,4854,1.08372533074166,112223789756.0,112223789756.0,0.0,USDT,1.0018102679484582,38686321585.0,112426944885.0,1.0001,0.9999,1.0029,0.9974,1.0022,1.0021,15,7,7,July,2024
15:11:18,2024-07-07,Tether,3,3419,317,18514,4854,1.08372533074166,112223789756.0,112223789756.0,0.0,USDT,1.0018405956225238,38685629762.0,112430348372.0,1.0002,0.9999,1.0029,0.9974,1.0023,1.0021,15,7,7,July,2024
15:11:41,2024-07-07,Tether,3,3419,317,18513,4854,1.08372533074166,112223789756.0,112223789756.0,0.0,USDT,1.0018566316770958,38711135784.0,112432147998.0,1.0002,0.9999,1.0029,0.9974,1.0023,1.0021,15,7,7,July,2024
15:12:02,2024-07-07,Tether,3,3419,317,18513,4854,1.08372533074166,112223789756.0,112223789756.0,0.0,USDT,1.0018586235121447,38710037924.0,112432371530.0,1.0002,0.9999,1.0029,0.9974,1.0023,1.0021,15,7,7,July,2024
15:12:25,2024-07-07,Tether,3,3419,317,18513,4854,1.08372533074166,112223789756.0,112223789756.0,0.0,USDT,1.0018645365893526,38710365861.0,112433035118.0,1.0002,0.9999,1.0029,0.9974,1.0023,1.0021,15,7,7,July,2024
15:12:46,2024-07-07,Tether,3,3419,317,18513,4854,1.08372533074166,112223789756.0,112223789756.0,0.0,USDT,1.0018656642838097,38714714623.0,112433161672.0,1.0002,0.9999,1.0029,0.9974,1.0023,1.0021,15,7,7,July,2024
15:13:07,2024-07-07,Tether,3,3419,317,18513,4854,1.08372533074166,112223789756.0,112223789756.0,0.0,USDT,1.0018673166243948,38712173980.0,112433347104.0,1.0002,1.0,1.0029,0.9974,1.0023,1.0021,15,7,7,July,2024
15:13:29,2024-07-07,Tether,3,3419,317,18513,4854,1.08372533074166,112223789756.0,112223789756.0,0.0,USDT,1.0018615330531855,38710850327.0,112432698049.0,1.0002,0.9999,1.0029,0.9974,1.0023,1.0021,15,7,7,July,2024
15:13:51,2024-07-07,Tether,3,3419,317,18513,4854,1.08372533074166,112223789756.0,112223789756.0,0.0,USDT,1.0018632625378723,38713865921.0,112432892139.0,1.0002,0.9999,1.0029,0.9974,1.0023,1.0021,15,7,7,July,2024
15:14:10,2024-07-07,Tether,3,3419,317,18513,4854,1.08372533074166,112223789756.0,112223789756.0,0.0,USDT,1.0018686163022483,38709558780.0,112433492959.0,1.0002,1.0,1.0029,0.9974,1.0023,1.0021,15,7,7,July,2024
15:14:30,2024-07-07,Tether,3,3419,317,18512,4854,1.08372533074166,112223789756.0,112223789756.0,0.0,USDT,1.0018613765813513,38713157464.0,112432680490.0,1.0002,0.9999,1.0029,0.9974,1.0023,1.0021,15,7,7,July,2024
15:14:52,2024-07-07,Tether,3,3419,317,18512,4854,1.08372533074166,112223789756.0,112223789756.0,0.0,USDT,1.0018548442868638,38723707523.0,112431947411.0,1.0002,0.9999,1.0029,0.9974,1.0023,1.0021,15,7,7,July,2024
15:15:15,2024-07-07,Tether,3,3419,317,18511,4853,1.08372533074166,112223789756.0,112223789756.0,0.0,USDT,1.001880813192263,38724784096.0,112434861740.0,1.0002,1.0,1.003,0.9975,1.0023,1.0022,15,7,7,July,2024
15:15:41,2024-07-07,Tether,3,3419,317,18511,4853,1.08372533074166,112223789756.0,112223789756.0,0.0,USDT,1.0018773313560574,38726831397.0,112434470995.0,1.0002,1.0,1.003,0.9975,1.0023,1.0021,15,7,7,July,2024
15:16:06,2024-07-07,Tether,3,3419,317,18511,4853,1.08372533074166,112223789756.0,112223789756.0,0.0,USDT,1.0018759839284044,38726742286.0,112434319781.0,1.0002,1.0,1.0029,0.9975,1.0024,1.0021,15,7,7,July,2024
15:16:26,2024-07-07,Tether,3,3419,317,18511,4854,1.08372533074166,112223789756.0,112223789756.0,0.0,USDT,1.0018725406287512,38752271936.0,112433933361.0,1.0002,0.9999,1.0029,0.9975,1.0024,1.0021,15,7,7,July,2024
15:16:49,2024-07-07,Tether,3,3419,317,18511,4854,1.08372533074166,112223789756.0,112223789756.0,0.0,USDT,1.0018460739237458,38758433380.0,112430963167.0,1.0001,0.9999,1.0028,0.9974,1.0023,1.0021,15,7,7,July,2024
15:17:10,2024-07-07,Tether,3,3419,317,18511,4854,1.08372533074166,112223789756.0,112223789756.0,0.0,USDT,1.001917731852169,38765780156.0,112439004892.0,1.0002,1.0,1.0029,0.9975,1.0024,1.0022,15,7,7,July,2024
15:17:31,2024-07-07,Tether,3,3419,317,18511,4854,1.08372533074166,112223789756.0,112223789756.0,0.0,USDT,1.0019265547616132,38763671359.0,112439995032.0,1.0002,1.0,1.0029,0.9975,1.0024,1.0022,15,7,7,July,2024
15:17:52,2024-07-07,Tether,3,3419,317,18510,4853,1.08372533074166,112223789756.0,112223789756.0,0.0,USDT,1.001925343350172,38758933619.0,112439859083.0,1.0002,1.0,1.0029,0.9975,1.0024,1.0022,15,7,7,July,2024
15:18:15,2024-07-07,Tether,3,3419,317,18510,4853,1.08372533074166,112223789756.0,112223789756.0,0.0,USDT,1.0019281926738048,38746570891.0,112440178845.0,1.0002,1.0,1.0029,0.9975,1.0024,1.0022,15,7,7,July,2024
15:18:38,2024-07-07,Tether,3,3419,317,18510,4853,1.08372533074166,112223789756.0,112223789756.0,0.0,USDT,1.0019641844138516,38739900405.0,112444217974.0,1.0003,1.0,1.003,0.9976,1.0025,1.0022,15,7,7,July,2024
15:19:00,2024-07-07,Tether,3,3419,317,18510,4853,1.08372533074166,112223789756.0,112223789756.0,0.0,USDT,1.0019393116480435,38737269447.0,112441426658.0,1.0002,1.0,1.0029,0.9975,1.0024,1.0022,15,7,7,July,2024
15:19:24,2024-07-07,Tether,3,3419,317,18510,4853,1.08372533074166,112223789756.0,112223789756.0,0.0,USDT,1.0019529253033665,38728868643.0,112442954434.0,1.0002,1.0,1.003,0.9975,1.0024,1.0022,15,7,7,July,2024
15:19:48,2024-07-07,Tether,3,3419,317,18510,4853,1.08372533074166,112223789756.0,112223789756.0,0.0,USDT,1.0019192156896215,38718847167.0,112439171414.0,1.0002,1.0,1.0029,0.9975,1.0024,1.0022,15,7,7,July,2024
15:20:15,2024-07-07,Tether,3,3419,317,18510,4853,1.08372533074166,112223789756.0,112223789756.0,0.0,USDT,1.0019136485631233,38712257648.0,112438546650.0,1.0002,1.0,1.0029,0.9975,1.0024,1.0022,15,7,7,July,2024
15:20:37,2024-07-07,Tether,3,3419,317,18510,4853,1.08372533074166,112223789756.0,112223789756.0,0.0,USDT,1.0019405367497936,38711914217.0,112441564144.0,1.0002,1.0,1.0029,0.9975,1.0024,1.0022,15,7,7,July,2024
15:20:59,2024-07-07,Tether,3,3419,317,18510,4853,1.08372533074166,112223789756.0,112223789756.0,0.0,USDT,1.0019393761423838,38718921226.0,112441433896.0,1.0002,1.0,1.0029,0.9975,1.0024,1.0022,15,7,7,July,2024
15:21:20,2024-07-07,Tether,3,3419,317,18510,4853,1.08372533074166,112223789756.0,112223789756.0,0.0,USDT,1.0019711766849682,38714695839.0,112445002673.0,1.0002,1.0,1.003,0.9976,1.0024,1.0023,15,7,7,July,2024
15:21:42,2024-07-07,Tether,3,3419,317,18509,4853,1.08372533074166,112223789756.0,112223789756.0,0.0,USDT,1.0019589197947911,38700084601.0,112443627159.0,1.0002,1.0,1.003,0.9976,1.0024,1.0023,15,7,7,July,2024
15:22:03,2024-07-07,Tether,3,3419,317,18509,4853,1.08372533074166,112223789756.0,112223789756.0,0.0,USDT,1.0019577516157614,38689685414.0,112443496061.0,1.0002,1.0,1.003,0.9976,1.0024,1.0023,15,7,7,July,2024
15:22:24,2024-07-07,Tether,3,3419,317,18508,4853,1.08372533074166,112223789756.0,112223789756.0,0.0,USDT,1.001961293448026,38680172604.0,112443893539.0,1.0002,1.0,1.003,0.9976,1.0024,1.0023,15,7,7,July,2024
15:22:45,2024-07-07,Tether,3,3419,317,18508,4853,1.08372533074166,112223789756.0,112223789756.0,0.0,USDT,1.001992483218669,38677108263.0,112447393773.0,1.0002,1.0001,1.003,0.9976,1.0025,1.0023,15,7,7,July,2024
15:23:07,2024-07-07,Tether,3,3419,317,18508,4853,1.08372533074166,112223789756.0,112223789756.0,0.0,USDT,1.0020006864493864,38671822778.0,112448314371.0,1.0002,1.0001,1.003,0.9976,1.0025,1.0023,15,7,7,July,2024
15:24:36,2024-07-07,Tether,3,3419,317,18504,4851,1.08372533074166,112223789756.0,112223789756.0,0.0,USDT,1.0019751141085818,38628157787.0,112445444546.0,1.0002,1.0,1.003,0.9976,1.0024,1.0023,15,7,7,July,2024
15:25:00,2024-07-07,Tether,3,3419,317,18504,4851,1.08372533074166,112223789756.0,112223789756.0,0.0,USDT,1.0019611740371617,38621141081.0,112443880138.0,1.0002,1.0,1.003,0.9976,1.0024,1.0023,15,7,7,July,2024
15:25:21,2024-07-07,Tether,3,3419,317,18504,4851,1.08372533074166,112223789756.0,112223789756.0,0.0,USDT,1.0019679802975188,38619426962.0,112444643963.0,1.0002,1.0,1.003,0.9976,1.0024,1.0023,15,7,7,July,2024
15:25:45,2024-07-07,Tether,3,3419,317,18504,4851,1.08372533074166,112223789756.0,112223789756.0,0.0,USDT,1.0019666763303352,38621232302.0,112444497627.0,1.0002,1.0001,1.0029,0.9976,1.0025,1.0022,15,7,7,July,2024
15:26:06,2024-07-07,Tether,3,3419,317,18504,4851,1.08372533074166,112223789756.0,112223789756.0,0.0,USDT,1.0019920551850225,38621818907.0,112447345738.0,1.0002,1.0001,1.003,0.9976,1.0025,1.0022,15,7,7,July,2024
15:26:33,2024-07-07,Tether,3,3419,317,18504,4851,1.08372533074166,112223789756.0,112223789756.0,0.0,USDT,1.0019959389208288,38621648965.0,112447781585.0,1.0002,1.0001,1.003,0.9976,1.0025,1.0022,15,7,7,July,2024
15:27:00,2024-07-07,Tether,3,3419,317,18504,4851,1.08372533074166,112223789756.0,112223789756.0,0.0,USDT,1.0020008915182512,38618814337.0,112448337385.0,1.0002,1.0001,1.003,0.9976,1.0025,1.0022,15,7,7,July,2024
15:27:21,2024-07-07,Tether,3,3419,317,18504,4851,1.08372533074166,112223789756.0,112223789756.0,0.0,USDT,1.0020034947793681,38617648152.0,112448629532.0,1.0002,1.0001,1.003,0.9976,1.0025,1.0022,15,7,7,July,2024
15:27:44,2024-07-07,Tether,3,3419,317,18504,4851,1.08372533074166,112223789756.0,112223789756.0,0.0,USDT,1.0020147552462952,38622599072.0,112449893225.0,1.0002,1.0001,1.003,0.9977,1.0025,1.0023,15,7,7,July,2024
15:28:54,2024-07-07,Tether,3,3419,317,18503,4851,1.08372533074166,112223789756.0,112223789756.0,0.0,USDT,1.0020354631643336,38622255795.0,112452217146.0,1.0003,1.0001,1.003,0.9977,1.0025,1.0023,15,7,7,July,2024
15:29:17,2024-07-07,Tether,3,3419,317,18503,4851,1.08372533074166,112223789756.0,112223789756.0,0.0,USDT,1.0020307769195202,38625960052.0,112451691238.0,1.0003,1.0001,1.003,0.9977,1.0025,1.0023,15,7,7,July,2024
15:29:39,2024-07-07,Tether,3,3419,317,18503,4851,1.08372533074166,112223789756.0,112223789756.0,0.0,USDT,1.0020307828149366,38634536730.0,112451691899.0,1.0003,1.0001,1.003,0.9977,1.0025,1.0023,15,7,7,July,2024
15:30:00,2024-07-07,Tether,3,3419,317,18503,4851,1.08372533074166,112223789756.0,112223789756.0,0.0,USDT,1.0020326371681982,38633038580.0,112451900002.0,1.0003,1.0001,1.003,0.9977,1.0025,1.0023,15,7,7,July,2024
15:30:23,2024-07-07,Tether,3,3419,317,18503,4851,1.08372533074166,112223789756.0,112223789756.0,0.0,USDT,1.0020395095284553,38637539845.0,112452671244.0,1.0003,1.0001,1.003,0.9977,1.0026,1.0023,15,7,7,July,2024
15:30:51,2024-07-07,Tether,3,3419,317,18503,4851,1.08372533074166,112223789756.0,112223789756.0,0.0,USDT,1.0020201910633926,38641395166.0,112450503253.0,1.0002,1.0001,1.003,0.9977,1.0026,1.0023,15,7,7,July,2024
15:31:11,2024-07-07,Tether,3,3419,317,18504,4851,1.08372533074166,112223789756.0,112223789756.0,0.0,USDT,1.002020281606186,38639288671.0,112450513414.0,1.0002,1.0001,1.003,0.9977,1.0026,1.0023,15,7,7,July,2024
15:31:34,2024-07-07,Tether,3,3419,317,18504,4851,1.08372533074166,112223789756.0,112223789756.0,0.0,USDT,1.0020095252520373,38649224122.0,112449306295.0,1.0002,1.0001,1.003,0.9976,1.0026,1.0023,15,7,7,July,2024
15:31:55,2024-07-07,Tether,3,3419,317,18504,4851,1.08372533074166,112223789756.0,112223789756.0,0.0,USDT,1.0020034972419627,38647695875.0,112448629809.0,1.0002,1.0001,1.003,0.9976,1.0026,1.0023,15,7,7,July,2024
15:32:18,2024-07-07,Tether,3,3419,317,18504,4851,1.08372533074166,112223789756.0,112223789756.0,0.0,USDT,1.0020154485536994,38652868148.0,112449971030.0,1.0002,1.0001,1.003,0.9977,1.0026,1.0023,15,7,7,July,2024
15:32:41,2024-07-07,Tether,3,3419,317,18504,4851,1.08372533074166,112223789756.0,112223789756.0,0.0,USDT,1.0020033626377205,38656237672.0,112448614703.0,1.0002,1.0001,1.003,0.9976,1.0026,1.0023,15,7,7,July,2024
15:33:05,2024-07-07,Tether,3,3419,317,18504,4851,1.08372533074166,112223789756.0,112223789756.0,0.0,USDT,1.002013245836632,38653855529.0,112449723833.0,1.0002,1.0001,1.003,0.9976,1.0026,1.0023,15,7,7,July,2024
15:33:28,2024-07-07,Tether,3,3419,317,18504,4851,1.08372533074166,112223789756.0,112223789756.0,0.0,USDT,1.0020169298215025,38647354505.0,112450137264.0,1.0002,1.0001,1.003,0.9977,1.0026,1.0023,15,7,7,July,2024
15:33:53,2024-07-07,Tether,3,3419,317,18504,4851,1.08372533074166,112223789756.0,112223789756.0,0.0,USDT,1.002019524537537,38647061270.0,112450428453.0,1.0002,1.0001,1.003,0.9977,1.0026,1.0023,15,7,7,July,2024
15:34:14,2024-07-07,Tether,3,3419,317,18503,4850,1.08372533074166,112223789756.0,112223789756.0,0.0,USDT,1.0020217928390225,38640366764.0,112450683010.0,1.0002,1.0001,1.003,0.9977,1.0026,1.0023,15,7,7,July,2024
15:34:38,2024-07-07,Tether,3,3419,317,18503,4850,1.08372533074166,112223789756.0,112223789756.0,0.0,USDT,1.0020242549895977,38631133735.0,112450959322.0,1.0002,1.0001,1.003,0.9977,1.0026,1.0023,15,7,7,July,2024
15:35:02,2024-07-07,Tether,3,3419,317,18503,4850,1.08372533074166,112223789756.0,112223789756.0,0.0,USDT,1.002030257458344,38629062681.0,112451632942.0,1.0002,1.0001,1.003,0.9977,1.0026,1.0023,15,7,7,July,2024
15:35:49,2024-07-07,Tether,3,3419,317,18502,4849,1.08372533074166,112223789756.0,112223789756.0,0.0,USDT,1.0020204516967357,38639048687.0,112450532502.0,1.0002,1.0001,1.003,0.9977,1.0026,1.0023,15,7,7,July,2024
15:36:10,2024-07-07,Tether,3,3419,317,18502,4849,1.08372533074166,112223789756.0,112223789756.0,0.0,USDT,1.0020097132987555,38635707302.0,112449327398.0,1.0002,1.0001,1.003,0.9977,1.0026,1.0023,15,7,7,July,2024
15:36:34,2024-07-07,Tether,3,3419,317,18502,4849,1.08372533074166,112223789756.0,112223789756.0,0.0,USDT,1.0020185142617977,38644903117.0,112450315076.0,1.0002,1.0001,1.003,0.9977,1.0026,1.0024,15,7,7,July,2024
15:36:54,2024-07-07,Tether,3,3419,317,18502,4849,1.08372533074166,112223789756.0,112223789756.0,0.0,USDT,1.0020185142617977,38644903117.0,112450315076.0,1.0002,1.0001,1.003,0.9977,1.0026,1.0024,15,7,7,July,2024
15:37:26,2024-07-07,Tether,3,3419,317,18501,4848,1.08372533074166,112223789756.0,112223789756.0,0.0,USDT,1.0020048382636255,38630416866.0,112448780303.0,1.0002,1.0001,1.0029,0.9976,1.0026,1.0023,15,7,7,July,2024
15:38:07,2024-07-07,Tether,3,3419,317,18501,4848,1.08372533074166,112223789756.0,112223789756.0,0.0,USDT,1.0020557328260276,38627802631.0,112454491884.0,1.0002,1.0001,1.003,0.9977,1.0026,1.0024,15,7,7,July,2024
15:38:28,2024-07-07,Tether,3,3419,317,18501,4848,1.08372533074166,112223789756.0,112223789756.0,0.0,USDT,1.002042443473857,38621492621.0,112453000502.0,1.0002,1.0001,1.003,0.9977,1.0026,1.0024,15,7,7,July,2024
15:38:49,2024-07-07,Tether,3,3419,317,18501,4848,1.08372533074166,112223789756.0,112223789756.0,0.0,USDT,1.0020398557843082,38623913877.0,112452710102.0,1.0002,1.0001,1.003,0.9977,1.0026,1.0024,15,7,7,July,2024
15:39:43,2024-07-07,Tether,3,3419,317,18501,4848,1.08372533074166,112223789756.0,112223789756.0,0.0,USDT,1.0020856924427397,38623732609.0,112457854066.0,1.0003,1.0002,1.003,0.9977,1.0027,1.0024,15,7,7,July,2024
15:40:07,2024-07-07,Tether,3,3419,317,18500,4847,1.08372533074166,112223789756.0,112223789756.0,0.0,USDT,1.0020613958667115,38618489229.0,112455127412.0,1.0002,1.0002,1.003,0.9977,1.0026,1.0024,15,7,7,July,2024
15:40:28,2024-07-07,Tether,3,3419,317,18500,4847,1.08372533074166,112223789756.0,112223789756.0,0.0,USDT,1.002068398477377,38617678231.0,112455913271.0,1.0002,1.0002,1.003,0.9977,1.0026,1.0024,15,7,7,July,2024
15:40:52,2024-07-07,Tether,3,3419,317,18499,4846,1.08372533074166,112223789756.0,112223789756.0,0.0,USDT,1.0020518615671812,38627867370.0,112454057437.0,1.0002,1.0001,1.003,0.9977,1.0026,1.0024,15,7,7,July,2024
15:41:20,2024-07-07,Tether,3,3419,317,18498,4846,1.08372533074166,112223789756.0,112223789756.0,0.0,USDT,1.002049068223581,38627152061.0,112453743957.0,1.0003,1.0002,1.0031,0.9977,1.0027,1.0024,15,7,7,July,2024
15:41:41,2024-07-07,Tether,3,3419,317,18498,4846,1.08372533074166,112223789756.0,112223789756.0,0.0,USDT,1.0020491540205987,38645797817.0,112453753585.0,1.0003,1.0002,1.0031,0.9977,1.0027,1.0024,15,7,7,July,2024
15:42:04,2024-07-07,Tether,3,3419,317,18498,4846,1.08372533074166,112223789756.0,112223789756.0,0.0,USDT,1.0020491887288456,38642594384.0,112453757481.0,1.0003,1.0002,1.0031,0.9977,1.0027,1.0024,15,7,7,July,2024
15:42:25,2024-07-07,Tether,3,3419,317,18498,4846,1.08372533074166,112223789756.0,112223789756.0,0.0,USDT,1.0020660152598384,38642746783.0,112455645818.0,1.0003,1.0002,1.0031,0.9977,1.0027,1.0024,15,7,7,July,2024
15:42:49,2024-07-07,Tether,3,3419,317,18498,4846,1.08372533074166,112223789756.0,112223789756.0,0.0,USDT,1.0020602776248475,38653476323.0,112455001919.0,1.0003,1.0002,1.0031,0.9977,1.0027,1.0024,15,7,7,July,2024
15:43:11,2024-07-07,Tether,3,3419,317,18497,4845,1.08372533074166,112223789756.0,112223789756.0,0.0,USDT,1.002053301779918,38649312043.0,112454219063.0,1.0003,1.0002,1.0031,0.9977,1.0027,1.0024,15,7,7,July,2024
15:43:32,2024-07-07,Tether,3,3419,317,18497,4845,1.08372533074166,112223789756.0,112223789756.0,0.0,USDT,1.0020532080991242,38648054133.0,112454208550.0,1.0003,1.0002,1.0031,0.9977,1.0027,1.0024,15,7,7,July,2024
15:43:54,2024-07-07,Tether,3,3419,317,18497,4845,1.08372533074166,112223789756.0,112223789756.0,0.0,USDT,1.0020540921571393,38642484109.0,112454307762.0,1.0003,1.0002,1.0031,0.9977,1.0027,1.0024,15,7,7,July,2024
15:44:27,2024-07-07,Tether,3,3419,317,18497,4845,1.08372533074166,112223789756.0,112223789756.0,0.0,USDT,1.002064392033503,38634545605.0,112455463653.0,1.0003,1.0002,1.0031,0.9977,1.0027,1.0024,15,7,7,July,2024
15:44:54,2024-07-07,Tether,3,3419,317,18497,4845,1.08372533074166,112223789756.0,112223789756.0,0.0,USDT,1.0020511031502775,38630521959.0,112453972324.0,1.0003,1.0002,1.0031,0.9977,1.0027,1.0024,15,7,7,July,2024
15:45:16,2024-07-07,Tether,3,3419,317,18497,4845,1.08372533074166,112223789756.0,112223789756.0,0.0,USDT,1.002070234799941,38624828061.0,112456119350.0,1.0003,1.0002,1.0031,0.9977,1.0027,1.0025,15,7,7,July,2024
15:45:44,2024-07-07,Tether,3,3419,317,18497,4845,1.08372533074166,112223789756.0,112223789756.0,0.0,USDT,1.0020727669619514,38622005473.0,112456403519.0,1.0003,1.0002,1.0031,0.9977,1.0026,1.0023,15,7,7,July,2024
15:46:06,2024-07-07,Tether,3,3419,317,18497,4845,1.08372533074166,112223789756.0,112223789756.0,0.0,USDT,1.0020617667106235,38616346052.0,112455169029.0,1.0003,1.0002,1.0031,0.9977,1.0025,1.0023,15,7,7,July,2024
15:46:26,2024-07-07,Tether,3,3419,317,18497,4845,1.08372533074166,112223789756.0,112223789756.0,0.0,USDT,1.002057608118294,38617090253.0,112454702336.0,1.0003,1.0002,1.0031,0.9977,1.0025,1.0023,15,7,7,July,2024
15:46:47,2024-07-07,Tether,3,3419,317,18496,4845,1.08372533074166,112223789756.0,112223789756.0,0.0,USDT,1.0020779680791014,38641087566.0,112456987208.0,1.0003,1.0002,1.0031,0.9977,1.0026,1.0023,15,7,7,July,2024
15:47:08,2024-07-07,Tether,3,3419,317,18496,4845,1.08372533074166,112223789756.0,112223789756.0,0.0,USDT,1.0020797837577384,38640653077.0,112457190971.0,1.0003,1.0002,1.0031,0.9977,1.0026,1.0023,15,7,7,July,2024
15:47:31,2024-07-07,Tether,3,3419,317,18496,4845,1.08372533074166,112223789756.0,112223789756.0,0.0,USDT,1.0020770431190247,38637992767.0,112456883406.0,1.0003,1.0002,1.0031,0.9977,1.0026,1.0023,15,7,7,July,2024
15:47:55,2024-07-07,Tether,3,3419,317,18496,4845,1.08372533074166,112223789756.0,112223789756.0,0.0,USDT,1.0020934541552036,38640545367.0,112458725114.0,1.0003,1.0002,1.0031,0.9978,1.0026,1.0023,15,7,7,July,2024
15:48:15,2024-07-07,Tether,3,3419,317,18496,4845,1.08372533074166,112223789756.0,112223789756.0,0.0,USDT,1.0020976026129507,38641850803.0,112459190670.0,1.0003,1.0002,1.0031,0.9978,1.0026,1.0024,15,7,7,July,2024
15:48:37,2024-07-07,Tether,3,3419,317,18496,4845,1.08372533074166,112223789756.0,112223789756.0,0.0,USDT,1.0020734757901926,38644724591.0,112456483067.0,1.0003,1.0002,1.0031,0.9977,1.0026,1.0023,15,7,7,July,2024
15:49:02,2024-07-07,Tether,3,3419,317,18496,4845,1.08372533074166,112223789756.0,112223789756.0,0.0,USDT,1.0020847897485472,38641191329.0,112457752762.0,1.0003,1.0002,1.0031,0.9977,1.0026,1.0023,15,7,7,July,2024
15:49:25,2024-07-07,Tether,3,3419,317,18496,4845,1.08372533074166,112223789756.0,112223789756.0,0.0,USDT,1.0020866632643963,38635080174.0,112457963015.0,1.0003,1.0002,1.0031,0.9977,1.0026,1.0023,15,7,7,July,2024
15:49:46,2024-07-07,Tether,3,3419,317,18496,4845,1.08372533074166,112223789756.0,112223789756.0,0.0,USDT,1.0020646296714284,38627371214.0,112455490322.0,1.0003,1.0002,1.0031,0.9977,1.0025,1.0023,15,7,7,July,2024
15:50:11,2024-07-07,Tether,3,3419,317,18496,4845,1.08372533074166,112223789756.0,112223789756.0,0.0,USDT,1.0020339806688627,38621832939.0,112452050774.0,1.0003,1.0001,1.003,0.9977,1.0025,1.0023,15,7,7,July,2024
15:50:32,2024-07-07,Tether,3,3419,317,18496,4845,1.08372533074166,112223789756.0,112223789756.0,0.0,USDT,1.0020227948735583,38614967584.0,112450795462.0,1.0003,1.0001,1.003,0.9977,1.0025,1.0023,15,7,7,July,2024
15:50:52,2024-07-07,Tether,3,3419,317,18495,4844,1.08372533074166,112223789756.0,112223789756.0,0.0,USDT,1.0020235199868675,38615521868.0,112450876837.0,1.0002,1.0001,1.0031,0.9977,1.0025,1.0024,15,7,7,July,2024
15:51:15,2024-07-07,Tether,3,3419,317,18495,4844,1.08372533074166,112223789756.0,112223789756.0,0.0,USDT,1.0020636699163177,38610202492.0,112455382614.0,1.0003,1.0002,1.0031,0.9977,1.0026,1.0024,15,7,7,July,2024
15:51:40,2024-07-07,Tether,3,3419,317,18494,4844,1.08372533074166,112223789756.0,112223789756.0,0.0,USDT,1.0020958294905877,38603780067.0,112458991684.0,1.0003,1.0002,1.0031,0.9977,1.0026,1.0024,15,7,7,July,2024
15:52:00,2024-07-07,Tether,3,3419,317,18494,4844,1.08372533074166,112223789756.0,112223789756.0,0.0,USDT,1.0020897845905323,38593089011.0,112458313302.0,1.0003,1.0002,1.0031,0.9977,1.0026,1.0024,15,7,7,July,2024
15:52:27,2024-07-07,Tether,3,3419,317,18494,4844,1.08372533074166,112223789756.0,112223789756.0,0.0,USDT,1.002095292613718,38588912323.0,112458931433.0,1.0003,1.0002,1.0031,0.9977,1.0026,1.0024,15,7,7,July,2024
15:52:46,2024-07-07,Tether,3,3419,317,18493,4844,1.08372533074166,112223789756.0,112223789756.0,0.0,USDT,1.0020797849709948,38590431855.0,112457191107.0,1.0003,1.0002,1.0031,0.9977,1.0026,1.0024,15,7,7,July,2024
15:53:07,2024-07-07,Tether,3,3419,317,18493,4844,1.08372533074166,112223789756.0,112223789756.0,0.0,USDT,1.0020797849709948,38590431855.0,112457191107.0,1.0003,1.0002,1.0031,0.9977,1.0026,1.0024,15,7,7,July,2024
15:53:28,2024-07-07,Tether,3,3419,317,18495,4846,1.08372533074166,112223789756.0,112223789756.0,0.0,USDT,1.0020799129101854,38575207350.0,112457205465.0,1.0003,1.0002,1.0031,0.9977,1.0026,1.0024,15,7,7,July,2024
15:53:49,2024-07-07,Tether,3,3419,317,18495,4846,1.08372533074166,112223789756.0,112223789756.0,0.0,USDT,1.0020799128637263,38571762141.0,112457205459.0,1.0003,1.0002,1.0031,0.9977,1.0026,1.0024,15,7,7,July,2024
15:54:13,2024-07-07,Tether,3,3419,317,18495,4846,1.08372533074166,112223789756.0,112223789756.0,0.0,USDT,1.0020805948712188,38570752842.0,112457281997.0,1.0003,1.0002,1.0031,0.9977,1.0026,1.0024,15,7,7,July,2024
15:54:34,2024-07-07,Tether,3,3419,317,18495,4846,1.08372533074166,112223789756.0,112223789756.0,0.0,USDT,1.0020704631025807,38570241976.0,112456144971.0,1.0003,1.0002,1.0031,0.9977,1.0026,1.0024,15,7,7,July,2024
15:54:54,2024-07-07,Tether,3,3419,317,18495,4846,1.08372533074166,112223789756.0,112223789756.0,0.0,USDT,1.002077296798116,38586590161.0,112456911875.0,1.0003,1.0002,1.0031,0.9977,1.0026,1.0024,15,7,7,July,2024
15:55:16,2024-07-07,Tether,3,3419,317,18495,4846,1.08372533074166,112223789756.0,112223789756.0,0.0,USDT,1.0020791290630073,38598892685.0,112457117498.0,1.0003,1.0002,1.0031,0.9977,1.0026,1.0024,15,7,7,July,2024
15:55:38,2024-07-07,Tether,3,3419,317,18495,4846,1.08372533074166,112223789756.0,112223789756.0,0.0,USDT,1.002072850534712,38596025138.0,112456412898.0,1.0002,1.0002,1.0031,0.9977,1.0026,1.0024,15,7,7,July,2024
15:56:00,2024-07-07,Tether,3,3419,317,18495,4846,1.08372533074166,112223789756.0,112223789756.0,0.0,USDT,1.002067250324353,38587972349.0,112455784421.0,1.0002,1.0002,1.0031,0.9977,1.0026,1.0024,15,7,7,July,2024
15:56:24,2024-07-07,Tether,3,3419,317,18495,4846,1.08372533074166,112223789756.0,112223789756.0,0.0,USDT,1.002067548468872,38580229729.0,112455817880.0,1.0002,1.0002,1.0031,0.9977,1.0026,1.0024,15,7,7,July,2024
15:56:48,2024-07-07,Tether,3,3419,317,18493,4846,1.08372533074166,112223789756.0,112223789756.0,0.0,USDT,1.0020704689054143,38581264982.0,112456145623.0,1.0002,1.0002,1.0031,0.9977,1.0026,1.0024,15,7,7,July,2024
15:57:10,2024-07-07,Tether,3,3419,317,18494,4847,1.08372533074166,112223789756.0,112223789756.0,0.0,USDT,1.0020769840972175,38569451828.0,112456876782.0,1.0002,1.0002,1.0031,0.9977,1.0026,1.0024,15,7,7,July,2024
15:57:32,2024-07-07,Tether,3,3419,317,18494,4847,1.08372533074166,112223789756.0,112223789756.0,0.0,USDT,1.0020688848581538,38561409045.0,112455967855.0,1.0002,1.0002,1.0031,0.9977,1.0026,1.0024,15,7,7,July,2024
15:57:54,2024-07-07,Tether,3,3419,317,18494,4847,1.08372533074166,112223789756.0,112223789756.0,0.0,USDT,1.0020694128588543,38567426930.0,112456027109.0,1.0002,1.0002,1.0031,0.9977,1.0026,1.0024,15,7,7,July,2024
15:58:17,2024-07-07,Tether,3,3419,317,18494,4847,1.08372533074166,112223789756.0,112223789756.0,0.0,USDT,1.002070442058388,38564140303.0,112456142610.0,1.0002,1.0002,1.0031,0.9977,1.0026,1.0024,15,7,7,July,2024
15:58:39,2024-07-07,Tether,3,3419,317,18494,4847,1.08372533074166,112223789756.0,112223789756.0,0.0,USDT,1.0020642099618304,38564078781.0,112455443220.0,1.0002,1.0002,1.0031,0.9977,1.0026,1.0024,15,7,7,July,2024
15:59:00,2024-07-07,Tether,3,3419,317,18493,4846,1.08372533074166,112223789756.0,112223789756.0,0.0,USDT,1.0020607137803477,38568533035.0,112455050866.0,1.0002,1.0002,1.0031,0.9977,1.0026,1.0023,15,7,7,July,2024
15:59:21,2024-07-07,Tether,3,3419,317,18493,4846,1.08372533074166,112223789756.0,112223789756.0,0.0,USDT,1.0020526133767726,38557975813.0,112454141808.0,1.0002,1.0001,1.0031,0.9976,1.0026,1.0023,15,7,7,July,2024
15:59:44,2024-07-07,Tether,3,3419,317,18493,4846,1.08372533074166,112223789756.0,112223789756.0,0.0,USDT,1.002051811175839,38561686650.0,112454051782.0,1.0002,1.0001,1.0031,0.9976,1.0026,1.0023,15,7,7,July,2024
16:00:08,2024-07-07,Tether,3,3419,317,18493,4846,1.08372533074166,112223789756.0,112223789756.0,0.0,USDT,1.0020454739334874,38565620453.0,112453340592.0,1.0002,1.0001,1.003,0.9976,1.0026,1.0023,16,7,7,July,2024
16:00:27,2024-07-07,Tether,3,3419,317,18493,4846,1.08372533074166,112223789756.0,112223789756.0,0.0,USDT,1.002052695469855,38553471754.0,112454151020.0,1.0002,1.0001,1.0031,0.9976,1.0026,1.0023,16,7,7,July,2024
16:00:48,2024-07-07,Tether,3,3419,317,18493,4846,1.08372533074166,112223789756.0,112223789756.0,0.0,USDT,1.0021084987024331,38537555682.0,112460413471.0,1.0002,1.0002,1.0031,0.9977,1.0026,1.0024,16,7,7,July,2024
16:01:12,2024-07-07,Tether,3,3419,317,18493,4846,1.08372533074166,112223789756.0,112223789756.0,0.0,USDT,1.0021156737622012,38532131216.0,112461218683.0,1.0002,1.0003,1.0031,0.9977,1.0027,1.0024,16,7,7,July,2024
16:01:34,2024-07-07,Tether,3,3419,317,18493,4846,1.08372533074166,112223789756.0,112223789756.0,0.0,USDT,1.0021081809852015,38519994478.0,112460377815.0,1.0002,1.0002,1.0031,0.9977,1.0026,1.0024,16,7,7,July,2024
16:02:03,2024-07-07,Tether,3,3419,317,18493,4846,1.08372533074166,112223789756.0,112223789756.0,0.0,USDT,1.002135585582903,38514621973.0,112463453263.0,1.0003,1.0003,1.0031,0.9977,1.0027,1.0024,16,7,7,July,2024
16:02:37,2024-07-07,Tether,3,3419,317,18493,4846,1.08372533074166,112223789756.0,112223789756.0,0.0,USDT,1.0021380405736269,38509568452.0,112463728771.0,1.0003,1.0003,1.0031,0.9977,1.0027,1.0024,16,7,7,July,2024
16:03:23,2024-07-07,Tether,3,3419,317,18493,4846,1.08372533074166,112223789756.0,112223789756.0,0.0,USDT,1.002183995844548,38489280085.0,112468886046.0,1.0003,1.0003,1.0032,0.9977,1.0027,1.0025,16,7,7,July,2024
16:04:04,2024-07-07,Tether,3,3419,317,18493,4846,1.08372533074166,112223789756.0,112223789756.0,0.0,USDT,1.0022713101129155,38473393133.0,112478684784.0,1.0004,1.0004,1.0033,0.9978,1.0028,1.0026,16,7,7,July,2024
16:04:38,2024-07-07,Tether,3,3419,317,18492,4846,1.08372533074166,112223789756.0,112223789756.0,0.0,USDT,1.0022629264482634,38464690441.0,112477743937.0,1.0004,1.0004,1.0033,0.9978,1.0028,1.0026,16,7,7,July,2024
16:05:03,2024-07-07,Tether,3,3419,317,18492,4846,1.08372533074166,112223789756.0,112223789756.0,0.0,USDT,1.0022895998345773,38467383157.0,112480737326.0,1.0004,1.0004,1.0033,0.9978,1.0028,1.0026,16,7,7,July,2024
16:05:39,2024-07-07,Tether,3,3419,317,18490,4845,1.08372533074166,112223789756.0,112223789756.0,0.0,USDT,1.0023020472345814,38470338872.0,112482134220.0,1.0004,1.0004,1.0033,0.9978,1.0028,1.0026,16,7,7,July,2024
16:06:01,2024-07-07,Tether,3,3419,317,18490,4846,1.08372533074166,112223789756.0,112223789756.0,0.0,USDT,1.0022960636448595,38467960861.0,112481462719.0,1.0004,1.0005,1.0032,0.9978,1.003,1.0026,16,7,7,July,2024
16:06:26,2024-07-07,Tether,3,3419,317,18490,4846,1.08372533074166,112223789756.0,112223789756.0,0.0,USDT,1.002295088053126,38465280270.0,112481353235.0,1.0004,1.0005,1.0032,0.9978,1.003,1.0026,16,7,7,July,2024
16:06:50,2024-07-07,Tether,3,3419,317,18490,4846,1.08372533074166,112223789756.0,112223789756.0,0.0,USDT,1.0022961618159874,38470977302.0,112481473736.0,1.0004,1.0005,1.0032,0.9978,1.003,1.0026,16,7,7,July,2024
16:07:14,2024-07-07,Tether,3,3419,317,18490,4846,1.08372533074166,112223789756.0,112223789756.0,0.0,USDT,1.00230474169758,38466022779.0,112482436603.0,1.0005,1.0005,1.0032,0.9978,1.003,1.0026,16,7,7,July,2024
16:07:34,2024-07-07,Tether,3,3419,317,18489,4846,1.08372533074166,112223789756.0,112223789756.0,0.0,USDT,1.0023170724081822,38464308094.0,112483820402.0,1.0005,1.0005,1.0033,0.9978,1.003,1.0026,16,7,7,July,2024
16:08:00,2024-07-07,Tether,3,3419,317,18490,4846,1.08372533074166,112223789756.0,112223789756.0,0.0,USDT,1.0022825959937567,38470283966.0,112479951328.0,1.0004,1.0005,1.0032,0.9978,1.003,1.0026,16,7,7,July,2024
16:08:20,2024-07-07,Tether,3,3419,317,18490,4846,1.08372533074166,112223789756.0,112223789756.0,0.0,USDT,1.0022781626730815,38467459293.0,112479453804.0,1.0004,1.0005,1.0032,0.9978,1.003,1.0026,16,7,7,July,2024
16:08:40,2024-07-07,Tether,3,3419,317,18489,4845,1.08372533074166,112223789756.0,112223789756.0,0.0,USDT,1.0022602169332486,38468604365.0,112477439865.0,1.0004,1.0005,1.0032,0.9977,1.0029,1.0025,16,7,7,July,2024
16:09:02,2024-07-07,Tether,3,3419,317,18489,4845,1.08372533074166,112223789756.0,112223789756.0,0.0,USDT,1.002252437183038,38468827496.0,112476566792.0,1.0004,1.0005,1.0032,0.9977,1.0029,1.0025,16,7,7,July,2024
16:09:24,2024-07-07,Tether,3,3419,317,18489,4845,1.08372533074166,112223789756.0,112223789756.0,0.0,USDT,1.0022530379694692,38470062728.0,112476634215.0,1.0004,1.0005,1.0032,0.9977,1.0029,1.0025,16,7,7,July,2024
16:09:47,2024-07-07,Tether,3,3419,317,18489,4845,1.08372533074166,112223789756.0,112223789756.0,0.0,USDT,1.0022424969109232,38482284750.0,112475451257.0,1.0004,1.0004,1.0032,0.9977,1.0029,1.0025,16,7,7,July,2024
16:10:09,2024-07-07,Tether,3,3419,317,18489,4845,1.08372533074166,112223789756.0,112223789756.0,0.0,USDT,1.0022280957451308,38500207680.0,112473835104.0,1.0004,1.0004,1.0032,0.9977,1.0029,1.0025,16,7,7,July,2024
16:10:32,2024-07-07,Tether,3,3419,317,18489,4845,1.08372533074166,112223789756.0,112223789756.0,0.0,USDT,1.0022283710095203,38493419124.0,112473865995.0,1.0004,1.0004,1.0032,0.9977,1.0029,1.0025,16,7,7,July,2024
16:10:55,2024-07-07,Tether,3,3419,317,18490,4846,1.08372533074166,112223789756.0,112223789756.0,0.0,USDT,1.0022027334122667,38503535328.0,112470988847.0,1.0004,1.0004,1.0031,0.9977,1.0029,1.0025,16,7,7,July,2024
16:11:19,2024-07-07,Tether,3,3419,317,18491,4846,1.08372533074166,112223789756.0,112223789756.0,0.0,USDT,1.0022111520524977,38497903617.0,112471933619.0,1.0003,1.0005,1.0032,0.9976,1.0029,1.0025,16,7,7,July,2024
16:11:41,2024-07-07,Tether,3,3419,317,18490,4845,1.08372533074166,112223789756.0,112223789756.0,0.0,USDT,1.0022096037464308,38500901921.0,112471759862.0,1.0003,1.0005,1.0032,0.9976,1.0029,1.0025,16,7,7,July,2024
16:12:02,2024-07-07,Tether,3,3419,317,18490,4845,1.08372533074166,112223789756.0,112223789756.0,0.0,USDT,1.002209711018049,38493755481.0,112471771900.0,1.0003,1.0005,1.0032,0.9976,1.0029,1.0025,16,7,7,July,2024
16:12:35,2024-07-07,Tether,3,3419,317,18490,4845,1.08372533074166,112223789756.0,112223789756.0,0.0,USDT,1.002203922363612,38484090523.0,112471122275.0,1.0003,1.0005,1.0032,0.9976,1.0029,1.0025,16,7,7,July,2024
16:12:59,2024-07-07,Tether,3,3419,317,18490,4845,1.08372533074166,112223789756.0,112223789756.0,0.0,USDT,1.0022059040330782,38482540249.0,112471344666.0,1.0003,1.0005,1.0032,0.9976,1.0029,1.0025,16,7,7,July,2024
16:13:23,2024-07-07,Tether,3,3419,317,18490,4845,1.08372533074166,112223789756.0,112223789756.0,0.0,USDT,1.0022049147535406,38475521751.0,112471233645.0,1.0003,1.0005,1.0032,0.9976,1.0029,1.0025,16,7,7,July,2024
16:13:44,2024-07-07,Tether,3,3419,317,18490,4845,1.08372533074166,112223789756.0,112223789756.0,0.0,USDT,1.0022383425455808,38482552980.0,112474985039.0,1.0004,1.0005,1.0032,0.9977,1.0029,1.0025,16,7,7,July,2024
16:14:06,2024-07-07,Tether,3,3419,317,18490,4845,1.08372533074166,112223789756.0,112223789756.0,0.0,USDT,1.0022731656773802,38485241890.0,112478893023.0,1.0004,1.0005,1.0033,0.9977,1.003,1.0026,16,7,7,July,2024
16:14:26,2024-07-07,Tether,3,3419,317,18490,4845,1.08372533074166,112223789756.0,112223789756.0,0.0,USDT,1.0022680636861643,38481105719.0,112478320458.0,1.0004,1.0005,1.0033,0.9977,1.0029,1.0026,16,7,7,July,2024
16:14:50,2024-07-07,Tether,3,3419,317,18489,4845,1.08372533074166,112223789756.0,112223789756.0,0.0,USDT,1.0022317531019442,38490122605.0,112474245546.0,1.0004,1.0005,1.0032,0.9977,1.0029,1.0025,16,7,7,July,2024
16:15:14,2024-07-07,Tether,3,3419,317,18489,4845,1.08372533074166,112223789756.0,112223789756.0,0.0,USDT,1.0022298857669076,38499838636.0,112474035987.0,1.0004,1.0005,1.0032,0.9977,1.0029,1.0025,16,7,7,July,2024
16:15:37,2024-07-07,Tether,3,3419,317,18489,4846,1.08372533074166,112223789756.0,112223789756.0,0.0,USDT,1.0022349279792766,38494224992.0,112474601843.0,1.0004,1.0005,1.0032,0.9977,1.0029,1.0025,16,7,7,July,2024
16:16:02,2024-07-07,Tether,3,3419,317,18489,4846,1.08372533074166,112223789756.0,112223789756.0,0.0,USDT,1.0022487752182174,38505895402.0,112476155833.0,1.0004,1.0005,1.0032,0.9977,1.0029,1.0025,16,7,7,July,2024
16:16:24,2024-07-07,Tether,3,3419,317,18489,4846,1.08372533074166,112223789756.0,112223789756.0,0.0,USDT,1.0022364280101572,38504643766.0,112474770182.0,1.0003,1.0005,1.0032,0.9976,1.0029,1.0025,16,7,7,July,2024
16:16:47,2024-07-07,Tether,3,3419,317,18487,4846,1.08372533074166,112223789756.0,112223789756.0,0.0,USDT,1.0022268824105485,38528349655.0,112473698939.0,1.0003,1.0005,1.0032,0.9976,1.0029,1.0025,16,7,7,July,2024
16:17:09,2024-07-07,Tether,3,3419,317,18488,4846,1.08372533074166,112223789756.0,112223789756.0,0.0,USDT,1.0022319107132838,38523548690.0,112474263234.0,1.0003,1.0005,1.0032,0.9976,1.0029,1.0025,16,7,7,July,2024
16:17:33,2024-07-07,Tether,3,3419,317,18488,4846,1.08372533074166,112223789756.0,112223789756.0,0.0,USDT,1.0022353748623463,38518018269.0,112474651994.0,1.0003,1.0005,1.0032,0.9976,1.0029,1.0025,16,7,7,July,2024
16:17:55,2024-07-07,Tether,3,3419,317,18488,4846,1.08372533074166,112223789756.0,112223789756.0,0.0,USDT,1.0022408902381363,38523709112.0,112475270950.0,1.0003,1.0005,1.0032,0.9976,1.0029,1.0025,16,7,7,July,2024
16:18:18,2024-07-07,Tether,3,3419,317,18488,4846,1.08372533074166,112223789756.0,112223789756.0,0.0,USDT,1.0022369552042445,38518573142.0,112474829346.0,1.0003,1.0005,1.0032,0.9976,1.0029,1.0025,16,7,7,July,2024
16:18:41,2024-07-07,Tether,3,3419,317,18488,4846,1.08372533074166,112223789756.0,112223789756.0,0.0,USDT,1.0022537730063732,38529963116.0,112476716704.0,1.0003,1.0005,1.0032,0.9977,1.0029,1.0025,16,7,7,July,2024
16:19:01,2024-07-07,Tether,3,3419,317,18488,4846,1.08372533074166,112223789756.0,112223789756.0,0.0,USDT,1.0022433238851443,38548168490.0,112475544064.0,1.0003,1.0005,1.0032,0.9976,1.0029,1.0025,16,7,7,July,2024
16:19:22,2024-07-07,Tether,3,3419,317,18487,4845,1.08372533074166,112223789756.0,112223789756.0,0.0,USDT,1.0022566798288395,38556004181.0,112477042918.0,1.0003,1.0005,1.0032,0.9977,1.0029,1.0025,16,7,7,July,2024
16:19:46,2024-07-07,Tether,3,3419,317,18487,4845,1.08372533074166,112223789756.0,112223789756.0,0.0,USDT,1.0022474279509817,38557112704.0,112476004637.0,1.0003,1.0005,1.0032,0.9976,1.0029,1.0025,16,7,7,July,2024
16:20:11,2024-07-07,Tether,3,3419,317,18487,4845,1.08372533074166,112223789756.0,112223789756.0,0.0,USDT,1.00225668864104,38587693933.0,112477043907.0,1.0003,1.0005,1.0032,0.9977,1.0029,1.0025,16,7,7,July,2024
16:20:38,2024-07-07,Tether,3,3419,317,18487,4845,1.08372533074166,112223789756.0,112223789756.0,0.0,USDT,1.002247714829559,38579866649.0,112476036832.0,1.0003,1.0005,1.0033,0.9975,1.0028,1.0025,16,7,7,July,2024
16:20:58,2024-07-07,Tether,3,3419,317,18487,4845,1.08372533074166,112223789756.0,112223789756.0,0.0,USDT,1.0022590232150959,38577534326.0,112477305902.0,1.0003,1.0005,1.0033,0.9976,1.0028,1.0025,16,7,7,July,2024
16:21:19,2024-07-07,Tether,3,3419,317,18486,4844,1.08372533074166,112223789756.0,112223789756.0,0.0,USDT,1.0022415005414729,38567671700.0,112475339441.0,1.0003,1.0005,1.0033,0.9975,1.0028,1.0024,16,7,7,July,2024
16:21:44,2024-07-07,Tether,3,3419,317,18486,4844,1.08372533074166,112223789756.0,112223789756.0,0.0,USDT,1.0022429937671575,38553597655.0,112475507016.0,1.0003,1.0005,1.0033,0.9975,1.0028,1.0024,16,7,7,July,2024
16:22:08,2024-07-07,Tether,3,3419,317,18486,4844,1.08372533074166,112223789756.0,112223789756.0,0.0,USDT,1.002253514673965,38543821057.0,112476687712.0,1.0003,1.0005,1.0033,0.9976,1.0028,1.0025,16,7,7,July,2024
16:22:33,2024-07-07,Tether,3,3419,317,18486,4844,1.08372533074166,112223789756.0,112223789756.0,0.0,USDT,1.002238379534169,38535227080.0,112474989190.0,1.0003,1.0005,1.0033,0.9975,1.0028,1.0024,16,7,7,July,2024
16:22:57,2024-07-07,Tether,3,3419,317,18486,4844,1.08372533074166,112223789756.0,112223789756.0,0.0,USDT,1.0022428531024694,38538380068.0,112475491231.0,1.0003,1.0005,1.0033,0.9975,1.0028,1.0024,16,7,7,July,2024
16:23:18,2024-07-07,Tether,3,3419,317,18487,4845,1.08372533074166,112223789756.0,112223789756.0,0.0,USDT,1.0022416411131758,38533125404.0,112475355216.0,1.0003,1.0005,1.0033,0.9975,1.0028,1.0024,16,7,7,July,2024
16:23:39,2024-07-07,Tether,3,3419,317,18487,4845,1.08372533074166,112223789756.0,112223789756.0,0.0,USDT,1.002241422705255,38529905886.0,112475330706.0,1.0003,1.0005,1.0033,0.9975,1.0028,1.0024,16,7,7,July,2024
16:24:00,2024-07-07,Tether,3,3419,317,18487,4845,1.08372533074166,112223789756.0,112223789756.0,0.0,USDT,1.0022494468607717,38547601040.0,112476231207.0,1.0003,1.0005,1.0033,0.9975,1.0028,1.0025,16,7,7,July,2024
16:24:22,2024-07-07,Tether,3,3419,317,18487,4845,1.08372533074166,112223789756.0,112223789756.0,0.0,USDT,1.0022471929716636,38540138752.0,112475978267.0,1.0003,1.0005,1.0033,0.9975,1.0028,1.0025,16,7,7,July,2024
16:24:47,2024-07-07,Tether,3,3419,317,18487,4845,1.08372533074166,112223789756.0,112223789756.0,0.0,USDT,1.0022445317609032,38561290708.0,112475679616.0,1.0003,1.0005,1.0033,0.9975,1.0028,1.0024,16,7,7,July,2024
16:25:11,2024-07-07,Tether,3,3419,317,18486,4844,1.08372533074166,112223789756.0,112223789756.0,0.0,USDT,1.0022369463933842,38579330190.0,112474828357.0,1.0003,1.0005,1.0032,0.9975,1.0028,1.0024,16,7,7,July,2024
16:25:33,2024-07-07,Tether,3,3419,317,18487,4844,1.08372533074166,112223789756.0,112223789756.0,0.0,USDT,1.0022320297846123,38573583960.0,112474276597.0,1.0003,1.0005,1.0032,0.9975,1.0028,1.0024,16,7,7,July,2024
16:25:55,2024-07-07,Tether,3,3419,317,18487,4844,1.08372533074166,112223789756.0,112223789756.0,0.0,USDT,1.0022369837486633,38594160373.0,112474832549.0,1.0002,1.0005,1.0032,0.9975,1.0029,1.0025,16,7,7,July,2024
16:26:31,2024-07-07,Tether,3,3419,317,18487,4844,1.08372533074166,112223789756.0,112223789756.0,0.0,USDT,1.0022461139140468,38587241772.0,112475857171.0,1.0002,1.0005,1.0032,0.9975,1.0029,1.0025,16,7,7,July,2024
16:26:55,2024-07-07,Tether,3,3419,317,18486,4843,1.08372533074166,112223789756.0,112223789756.0,0.0,USDT,1.0022358108158693,38576672569.0,112474700918.0,1.0002,1.0005,1.0032,0.9975,1.0028,1.0025,16,7,7,July,2024
16:27:16,2024-07-07,Tether,3,3419,317,18486,4843,1.08372533074166,112223789756.0,112223789756.0,0.0,USDT,1.0022358108158693,38576672569.0,112474700918.0,1.0002,1.0005,1.0032,0.9975,1.0028,1.0025,16,7,7,July,2024
16:27:54,2024-07-07,Tether,3,3419,317,18485,4843,1.08372533074166,112223789756.0,112223789756.0,0.0,USDT,1.0022436503890635,38561250646.0,112475580705.0,1.0002,1.0005,1.0032,0.9975,1.0029,1.0025,16,7,7,July,2024
16:28:18,2024-07-07,Tether,3,3419,317,18484,4842,1.08372533074166,112223789756.0,112223789756.0,0.0,USDT,1.0022486844143053,38550365213.0,112476145642.0,1.0002,1.0005,1.0032,0.9975,1.0029,1.0025,16,7,7,July,2024
16:28:41,2024-07-07,Tether,3,3419,317,18484,4842,1.08372533074166,112223789756.0,112223789756.0,0.0,USDT,1.0022401930590026,38549861257.0,112475192710.0,1.0002,1.0005,1.0032,0.9975,1.0029,1.0025,16,7,7,July,2024
16:29:03,2024-07-07,Tether,3,3419,317,18485,4843,1.08372533074166,112223789756.0,112223789756.0,0.0,USDT,1.0022381338051403,38543848070.0,112474961613.0,1.0002,1.0005,1.0032,0.9975,1.0029,1.0025,16,7,7,July,2024
16:29:35,2024-07-07,Tether,3,3419,317,18485,4843,1.08372533074166,112223789756.0,112223789756.0,0.0,USDT,1.002248516316083,38535580355.0,112476126778.0,1.0002,1.0005,1.0032,0.9975,1.0029,1.0025,16,7,7,July,2024
16:29:56,2024-07-07,Tether,3,3419,317,18485,4843,1.08372533074166,112223789756.0,112223789756.0,0.0,USDT,1.0022491601056138,38494256711.0,112476199026.0,1.0002,1.0005,1.0032,0.9975,1.0029,1.0025,16,7,7,July,2024
16:30:39,2024-07-07,Tether,3,3419,317,18485,4843,1.08372533074166,112223789756.0,112223789756.0,0.0,USDT,1.002247234545683,38457125951.0,112475982933.0,1.0002,1.0005,1.0032,0.9975,1.0029,1.0025,16,7,7,July,2024
16:31:08,2024-07-07,Tether,3,3419,317,18487,4845,1.08372533074166,112223789756.0,112223789756.0,0.0,USDT,1.0022274209266075,38442059724.0,112473759373.0,1.0001,1.0004,1.0032,0.9975,1.0029,1.0025,16,7,7,July,2024
16:31:33,2024-07-07,Tether,3,3419,317,18486,4844,1.08372533074166,112223789756.0,112223789756.0,0.0,USDT,1.0022304805000226,38429537135.0,112474102730.0,1.0001,1.0004,1.0032,0.9975,1.0029,1.0025,16,7,7,July,2024
16:31:58,2024-07-07,Tether,3,3419,317,18486,4844,1.08372533074166,112223789756.0,112223789756.0,0.0,USDT,1.0022515884723087,38454495364.0,112476471547.0,1.0002,1.0005,1.0032,0.9976,1.0029,1.0025,16,7,7,July,2024
16:32:21,2024-07-07,Tether,3,3419,317,18485,4843,1.08372533074166,112223789756.0,112223789756.0,0.0,USDT,1.0022508455973729,38447147892.0,112476388179.0,1.0002,1.0005,1.0032,0.9976,1.0029,1.0025,16,7,7,July,2024
16:32:42,2024-07-07,Tether,3,3419,317,18485,4843,1.08372533074166,112223789756.0,112223789756.0,0.0,USDT,1.0022450117738055,38441194482.0,112475733485.0,1.0002,1.0005,1.0032,0.9976,1.0029,1.0025,16,7,7,July,2024
16:33:12,2024-07-07,Tether,3,3419,317,18485,4843,1.08372533074166,112223789756.0,112223789756.0,0.0,USDT,1.0022054416153579,38442382961.0,112471292772.0,1.0001,1.0004,1.0032,0.9975,1.0028,1.0025,16,7,7,July,2024
16:33:32,2024-07-07,Tether,3,3419,317,18485,4843,1.08372533074166,112223789756.0,112223789756.0,0.0,USDT,1.0022066908597944,38436163053.0,112471432967.0,1.0001,1.0004,1.0032,0.9975,1.0028,1.0025,16,7,7,July,2024
16:33:54,2024-07-07,Tether,3,3419,317,18485,4842,1.08372533074166,112223789756.0,112223789756.0,0.0,USDT,1.0021960827996357,38443493144.0,112470242490.0,1.0001,1.0004,1.0032,0.9975,1.0028,1.0025,16,7,7,July,2024
16:34:14,2024-07-07,Tether,3,3419,317,18486,4843,1.08372533074166,112223789756.0,112223789756.0,0.0,USDT,1.002200869709845,38435480432.0,112470779695.0,1.0001,1.0004,1.0032,0.9975,1.0028,1.0025,16,7,7,July,2024
16:34:39,2024-07-07,Tether,3,3419,317,18486,4843,1.08372533074166,112223789756.0,112223789756.0,0.0,USDT,1.002197823431018,38426932081.0,112470437830.0,1.0001,1.0004,1.0032,0.9975,1.0028,1.0025,16,7,7,July,2024
16:35:01,2024-07-07,Tether,3,3419,317,18486,4843,1.08372533074166,112223789756.0,112223789756.0,0.0,USDT,1.0021907457020671,38422211485.0,112469643541.0,1.0001,1.0004,1.0032,0.9975,1.0028,1.0025,16,7,7,July,2024
16:35:22,2024-07-07,Tether,3,3419,317,18486,4843,1.08372533074166,112223789756.0,112223789756.0,0.0,USDT,1.0021986215837486,38417386536.0,112470527402.0,1.0001,1.0005,1.0032,0.9974,1.0028,1.0025,16,7,7,July,2024
16:35:48,2024-07-07,Tether,3,3419,317,18486,4843,1.08372533074166,112223789756.0,112223789756.0,0.0,USDT,1.0022340781385093,38403880103.0,112474506471.0,1.0002,1.0005,1.0032,0.9974,1.0028,1.0025,16,7,7,July,2024
16:36:10,2024-07-07,Tether,3,3419,317,18486,4843,1.08372533074166,112223789756.0,112223789756.0,0.0,USDT,1.0022370507107394,38394452122.0,112474840064.0,1.0002,1.0005,1.0032,0.9974,1.0028,1.0025,16,7,7,July,2024
16:36:32,2024-07-07,Tether,3,3419,317,18485,4843,1.08372533074166,112223789756.0,112223789756.0,0.0,USDT,1.0022371709115492,38384037342.0,112474853554.0,1.0002,1.0005,1.0032,0.9974,1.0028,1.0025,16,7,7,July,2024
16:36:54,2024-07-07,Tether,3,3419,317,18486,4843,1.08372533074166,112223789756.0,112223789756.0,0.0,USDT,1.0022467648509785,38391138451.0,112475930222.0,1.0002,1.0005,1.0032,0.9974,1.0029,1.0025,16,7,7,July,2024
16:37:17,2024-07-07,Tether,3,3419,317,18486,4843,1.08372533074166,112223789756.0,112223789756.0,0.0,USDT,1.0022407452491893,38382208293.0,112475254679.0,1.0002,1.0005,1.0032,0.9974,1.0028,1.0025,16,7,7,July,2024
16:37:40,2024-07-07,Tether,3,3419,317,18486,4843,1.08372533074166,112223789756.0,112223789756.0,0.0,USDT,1.0022494600694862,38379535447.0,112476232689.0,1.0002,1.0005,1.0033,0.9974,1.0029,1.0025,16,7,7,July,2024
