Time,Date,Name,Rank,Age,Exchanges,Markets,Pairs,All_Time_High,Circulating_Supply,Total_Supply,Max_Supply,Code,Rate,Volume,Cap,Delta_Hour_Change,Delta_Day_Change,Delta_Week_Change,Delta_Month_Change,Delta_Quarter_Change,Delta_Year_Change,Hour,Day,Month_Number,Month_Name,Year
15:46:50,2024-07-06,Toncoin,8,1043,28,69,38,98.783104434167,2506032690.0,5108617579.0,,TONCOIN,7.709454469198144,345383172.0,19320144921.0,1.0087,1.0702,1.0112,1.0486,1.4186,5.6114,15,6,7,July,2024
15:48:45,2024-07-06,Toncoin,8,1043,28,69,38,98.783104434167,2506032690.0,5108617579.0,,TONCOIN,7.707958449419705,345714911.0,19316395847.0,1.0085,1.07,1.011,1.0484,1.4183,5.6103,15,6,7,July,2024
17:36:12,2024-07-06,Toncoin,8,1043,28,69,38,98.783104434167,2506039110.0,5108624045.0,0.0,TONCOIN,7.680676810867836,327683082.0,19248076479.0,0.996,1.0658,1.0036,1.0404,1.4073,5.5945,17,6,7,July,2024
18:09:08,2024-07-06,Toncoin,8,1043,29,70,38,98.783104434167,2506039110.0,5108624045.0,0.0,TONCOIN,7.653947945575923,325591016.0,19181092897.0,0.9938,1.062,1.0028,1.0372,1.414,5.5785,18,6,7,July,2024
18:11:21,2024-07-06,Toncoin,8,1043,29,70,38,98.783104434167,2506039110.0,5108624045.0,0.0,TONCOIN,7.655470854318239,325812755.0,19184909366.0,0.9951,1.0607,1.0024,1.0359,1.4123,5.5745,18,6,7,July,2024
00:54:05,2024-07-07,Toncoin,8,1044,29,69,37,98.783104434167,2506052633.0,5108637595.0,0.0,TONCOIN,7.491722398124093,304621613.0,18774650641.0,0.9962,1.0186,0.9791,0.9676,1.3735,5.4077,0,7,7,July,2024
01:04:11,2024-07-07,Toncoin,8,1044,29,69,37,98.783104434167,2506052633.0,5108637595.0,0.0,TONCOIN,7.495894003850953,297332647.0,18785104905.0,0.9966,1.0216,0.977,0.9744,1.3697,5.4165,1,7,7,July,2024
01:05:23,2024-07-07,Toncoin,8,1044,29,69,37,98.783104434167,2506052633.0,5108637595.0,0.0,TONCOIN,7.498142074866695,297280298.0,18790738689.0,0.9969,1.0219,0.9773,0.9746,1.3702,5.4182,1,7,7,July,2024
01:05:43,2024-07-07,Toncoin,8,1044,29,69,37,98.783104434167,2506052633.0,5108637595.0,0.0,TONCOIN,7.497297942045533,297190488.0,18788623248.0,0.9968,1.0218,0.9772,0.9745,1.37,5.4175,1,7,7,July,2024
01:06:06,2024-07-07,Toncoin,8,1044,29,69,37,98.783104434167,2506052633.0,5108637595.0,0.0,TONCOIN,7.497205708932123,297070036.0,18788392107.0,0.9973,1.0226,0.9772,0.9799,1.371,5.4176,1,7,7,July,2024
01:06:30,2024-07-07,Toncoin,8,1044,29,69,37,98.783104434167,2506052633.0,5108637595.0,0.0,TONCOIN,7.488524741944978,296811998.0,18766637146.0,0.9962,1.0214,0.976,0.9788,1.3694,5.4113,1,7,7,July,2024
01:06:51,2024-07-07,Toncoin,8,1044,29,69,37,98.783104434167,2506052633.0,5108637595.0,0.0,TONCOIN,7.483786728254979,296673721.0,18754763435.0,0.9955,1.0207,0.9754,0.9782,1.3685,5.4079,1,7,7,July,2024
01:07:15,2024-07-07,Toncoin,8,1044,29,69,37,98.783104434167,2506052633.0,5108637595.0,0.0,TONCOIN,7.475702658325909,296515190.0,18734504330.0,0.9945,1.0196,0.9744,0.9771,1.367,5.4021,1,7,7,July,2024
01:07:36,2024-07-07,Toncoin,8,1044,29,69,37,98.783104434167,2506052633.0,5108637595.0,0.0,TONCOIN,7.4728936043997845,296462804.0,18727464693.0,0.9941,1.0192,0.974,0.9768,1.3665,5.4,1,7,7,July,2024
01:08:00,2024-07-07,Toncoin,8,1044,29,69,37,98.783104434167,2506052633.0,5108637595.0,0.0,TONCOIN,7.471927665256806,296375449.0,18725043999.0,0.994,1.0191,0.9739,0.9766,1.3663,5.3993,1,7,7,July,2024
01:08:20,2024-07-07,Toncoin,8,1044,29,69,37,98.783104434167,2506052633.0,5108637595.0,0.0,TONCOIN,7.46913317765713,296287351.0,18718040866.0,0.9936,1.0187,0.9735,0.9763,1.3658,5.3973,1,7,7,July,2024
01:08:44,2024-07-07,Toncoin,8,1044,29,69,37,98.783104434167,2506052633.0,5108637595.0,0.0,TONCOIN,7.465168556569926,296335143.0,18708105316.0,0.9931,1.0182,0.973,0.9758,1.3651,5.3945,1,7,7,July,2024
01:09:07,2024-07-07,Toncoin,8,1044,29,69,37,98.783104434167,2506052633.0,5108637595.0,0.0,TONCOIN,7.467455251857422,296376435.0,18713835895.0,0.9934,1.0185,0.9733,0.9761,1.3655,5.3961,1,7,7,July,2024
01:09:30,2024-07-07,Toncoin,8,1044,29,69,37,98.783104434167,2506052633.0,5108637595.0,0.0,TONCOIN,7.471129058399844,296545733.0,18723042648.0,0.9939,1.019,0.9738,0.9765,1.3662,5.3988,1,7,7,July,2024
01:10:04,2024-07-07,Toncoin,8,1044,29,69,37,98.783104434167,2506052633.0,5108637595.0,0.0,TONCOIN,7.471022469034626,296589639.0,18722775529.0,0.9938,1.019,0.9737,0.9765,1.3662,5.3987,1,7,7,July,2024
01:11:21,2024-07-07,Toncoin,8,1044,29,69,37,98.783104434167,2506052633.0,5108637595.0,0.0,TONCOIN,7.481893513639576,297168428.0,18750018939.0,0.9945,1.019,0.976,0.9757,1.3677,5.4146,1,7,7,July,2024
01:11:44,2024-07-07,Toncoin,8,1044,29,69,37,98.783104434167,2506052633.0,5108637595.0,0.0,TONCOIN,7.482624145312301,297151792.0,18751849941.0,0.9946,1.0191,0.9761,0.9758,1.3678,5.4152,1,7,7,July,2024
01:12:02,2024-07-07,Toncoin,8,1044,29,69,37,98.783104434167,2506052633.0,5108637595.0,0.0,TONCOIN,7.48412024343821,297189998.0,18755599241.0,0.9948,1.0193,0.9763,0.976,1.3681,5.4162,1,7,7,July,2024
01:12:25,2024-07-07,Toncoin,8,1044,29,69,37,98.783104434167,2506052633.0,5108637595.0,0.0,TONCOIN,7.48974080722516,297550212.0,18769684670.0,0.9956,1.0201,0.977,0.9767,1.3691,5.4203,1,7,7,July,2024
01:12:49,2024-07-07,Toncoin,8,1044,29,69,37,98.783104434167,2506052633.0,5108637595.0,0.0,TONCOIN,7.49008229992805,297671388.0,18770540469.0,0.9956,1.0202,0.9771,0.9767,1.3691,5.4206,1,7,7,July,2024
01:13:17,2024-07-07,Toncoin,8,1044,29,69,37,98.783104434167,2506052633.0,5108637595.0,0.0,TONCOIN,7.494535197334836,298009027.0,18781699664.0,0.9962,1.0208,0.9776,0.9773,1.37,5.4238,1,7,7,July,2024
01:13:59,2024-07-07,Toncoin,8,1044,29,69,37,98.783104434167,2506052633.0,5108637595.0,0.0,TONCOIN,7.49708835630793,298097729.0,18788098015.0,0.9965,1.0211,0.978,0.9777,1.3704,5.4256,1,7,7,July,2024
01:14:22,2024-07-07,Toncoin,8,1044,29,69,37,98.783104434167,2506052633.0,5108637595.0,0.0,TONCOIN,7.505731826911511,298432829.0,18809759007.0,0.9977,1.0223,0.9791,0.9788,1.372,5.4319,1,7,7,July,2024
01:14:43,2024-07-07,Toncoin,8,1044,29,69,37,98.783104434167,2506052633.0,5108637595.0,0.0,TONCOIN,7.507045290815407,298463479.0,18813050617.0,0.9979,1.0225,0.9793,0.979,1.3722,5.4328,1,7,7,July,2024
01:15:06,2024-07-07,Toncoin,8,1044,29,69,37,98.783104434167,2506052633.0,5108637595.0,0.0,TONCOIN,7.508185389402001,298656797.0,18815907764.0,0.998,1.0226,0.9794,0.9791,1.3725,5.4337,1,7,7,July,2024
01:16:38,2024-07-07,Toncoin,8,1044,29,69,37,98.783104434167,2506052633.0,5108637595.0,0.0,TONCOIN,7.5101423049896825,298472635.0,18820811897.0,0.9983,1.0204,0.9785,0.9799,1.3701,5.437,1,7,7,July,2024
01:17:00,2024-07-07,Toncoin,8,1044,29,69,37,98.783104434167,2506052633.0,5108637595.0,0.0,TONCOIN,7.510420313529831,298408083.0,18821508601.0,0.9984,1.0204,0.9785,0.9799,1.3701,5.4372,1,7,7,July,2024
01:17:23,2024-07-07,Toncoin,8,1044,29,69,37,98.783104434167,2506052633.0,5108637595.0,0.0,TONCOIN,7.516259832297395,298852134.0,18836142743.0,0.9991,1.0212,0.9793,0.9807,1.3712,5.4415,1,7,7,July,2024
01:17:46,2024-07-07,Toncoin,8,1044,29,69,37,98.783104434167,2506052633.0,5108637595.0,0.0,TONCOIN,7.518164351613039,298926526.0,18840915568.0,0.9994,1.0215,0.9795,0.9809,1.3716,5.4428,1,7,7,July,2024
01:18:27,2024-07-07,Toncoin,8,1044,29,69,37,98.783104434167,2506052633.0,5108637595.0,0.0,TONCOIN,7.518061525806629,299076363.0,18840657881.0,0.9994,1.0215,0.9795,0.9809,1.3715,5.4428,1,7,7,July,2024
01:20:04,2024-07-07,Toncoin,8,1044,29,69,37,98.783104434167,2506052633.0,5108637595.0,0.0,TONCOIN,7.5185598989367195,299143228.0,18841906831.0,0.9995,1.0216,0.9795,0.981,1.3716,5.4431,1,7,7,July,2024
01:30:09,2024-07-07,Toncoin,8,1044,29,69,37,98.783104434167,2506052633.0,5108637595.0,0.0,TONCOIN,7.5185598989367195,299143228.0,18841906831.0,0.9995,1.0216,0.9795,0.981,1.3716,5.4431,1,7,7,July,2024
01:30:42,2024-07-07,Toncoin,8,1044,29,69,37,98.783104434167,2506052633.0,5108637595.0,0.0,TONCOIN,7.5111939316210545,293559772.0,18823447329.0,0.9974,1.014,0.981,0.9838,1.3677,5.4326,1,7,7,July,2024
01:31:02,2024-07-07,Toncoin,8,1044,29,69,37,98.783104434167,2506052633.0,5108637595.0,0.0,TONCOIN,7.5111939316210545,293559772.0,18823447329.0,0.9974,1.014,0.981,0.9838,1.3677,5.4326,1,7,7,July,2024
01:31:24,2024-07-07,Toncoin,8,1044,29,69,37,98.783104434167,2506052633.0,5108637595.0,0.0,TONCOIN,7.5146514570329614,293598140.0,18832112069.0,0.9956,1.0122,0.9802,0.9819,1.3684,5.4297,1,7,7,July,2024
01:31:58,2024-07-07,Toncoin,8,1044,29,69,37,98.783104434167,2506052633.0,5108637595.0,0.0,TONCOIN,7.515289725172219,293489559.0,18833711603.0,0.9957,1.0123,0.9802,0.982,1.3686,5.4302,1,7,7,July,2024
01:32:41,2024-07-07,Toncoin,8,1044,29,69,37,98.783104434167,2506052633.0,5108637595.0,0.0,TONCOIN,7.519548278573014,293568186.0,18844383762.0,0.9963,1.0129,0.9808,0.9826,1.3693,5.4332,1,7,7,July,2024
01:44:42,2024-07-07,Toncoin,8,1044,29,69,37,98.783104434167,2506058261.0,5108643275.0,0.0,TONCOIN,7.507781017660764,289997874.0,18814936641.0,0.9993,1.0058,0.9778,0.9841,1.3652,5.4224,1,7,7,July,2024
01:44:51,2024-07-07,Toncoin,8,1044,29,69,37,98.783104434167,2506058261.0,5108643275.0,0.0,TONCOIN,7.510580253443176,289756618.0,18821951689.0,0.9997,1.0062,0.9781,0.9845,1.3657,5.4244,1,7,7,July,2024
01:44:59,2024-07-07,Toncoin,8,1044,29,69,37,98.783104434167,2506058261.0,5108643275.0,0.0,TONCOIN,7.510647471412382,289702021.0,18822120141.0,0.9997,1.0062,0.9782,0.9845,1.3657,5.4245,1,7,7,July,2024
01:46:37,2024-07-07,Toncoin,8,1044,29,69,37,98.783104434167,2506058261.0,5108643275.0,0.0,TONCOIN,7.506821810016138,289108717.0,18812532810.0,1.0013,1.0084,0.9782,0.9816,1.3649,5.4232,1,7,7,July,2024
01:47:00,2024-07-07,Toncoin,8,1044,29,69,37,98.783104434167,2506058261.0,5108643275.0,0.0,TONCOIN,7.506275718702942,289031135.0,18811164274.0,1.0012,1.0083,0.9781,0.9815,1.3648,5.4229,1,7,7,July,2024
01:47:23,2024-07-07,Toncoin,8,1044,29,69,37,98.783104434167,2506058261.0,5108643275.0,0.0,TONCOIN,7.504409268702026,288946766.0,18806486841.0,1.001,1.0081,0.9778,0.9813,1.3644,5.4215,1,7,7,July,2024
01:47:43,2024-07-07,Toncoin,8,1044,29,69,37,98.783104434167,2506058261.0,5108643275.0,0.0,TONCOIN,7.50376998877655,288878662.0,18804884769.0,1.0009,1.008,0.9778,0.9812,1.3643,5.421,1,7,7,July,2024
01:48:15,2024-07-07,Toncoin,8,1044,29,69,37,98.783104434167,2506058261.0,5108643275.0,0.0,TONCOIN,7.5020158619173305,288722782.0,18800488824.0,1.0006,1.0078,0.9775,0.981,1.364,5.4198,1,7,7,July,2024
01:49:54,2024-07-07,Toncoin,8,1044,29,69,37,98.783104434167,2506058261.0,5108643275.0,0.0,TONCOIN,7.501989582408687,288563254.0,18800422966.0,1.0006,1.0078,0.9775,0.981,1.364,5.4198,1,7,7,July,2024
01:50:18,2024-07-07,Toncoin,8,1044,29,69,37,98.783104434167,2506058261.0,5108643275.0,0.0,TONCOIN,7.501094367228275,288491352.0,18798179505.0,1.0005,1.0076,0.9774,0.9809,1.3638,5.4191,1,7,7,July,2024
01:50:39,2024-07-07,Toncoin,8,1044,29,69,37,98.783104434167,2506058261.0,5108643275.0,0.0,TONCOIN,7.500845395377456,288437012.0,18797555567.0,1.0005,1.0076,0.9774,0.9808,1.3638,5.4189,1,7,7,July,2024
01:51:02,2024-07-07,Toncoin,8,1044,29,69,37,98.783104434167,2506058261.0,5108643275.0,0.0,TONCOIN,7.500380384487599,288346704.0,18796390223.0,1.0004,1.0075,0.9773,0.9808,1.3637,5.4186,1,7,7,July,2024
01:51:24,2024-07-07,Toncoin,8,1044,29,69,37,98.783104434167,2506058261.0,5108643275.0,0.0,TONCOIN,7.508053042494179,288779073.0,18815618351.0,1.0002,1.0061,0.9765,0.9802,1.3673,5.4208,1,7,7,July,2024
01:51:46,2024-07-07,Toncoin,8,1044,29,69,37,98.783104434167,2506058261.0,5108643275.0,0.0,TONCOIN,7.508381027274477,288735070.0,18816440300.0,1.0003,1.0061,0.9766,0.9802,1.3673,5.421,1,7,7,July,2024
01:52:08,2024-07-07,Toncoin,8,1044,29,69,37,98.783104434167,2506058261.0,5108643275.0,0.0,TONCOIN,7.5090551208536525,288700100.0,18818129617.0,1.0004,1.0062,0.9767,0.9803,1.3674,5.4215,1,7,7,July,2024
01:52:36,2024-07-07,Toncoin,8,1044,29,69,37,98.783104434167,2506058261.0,5108643275.0,0.0,TONCOIN,7.509382248169723,288729426.0,18818949418.0,1.0004,1.0063,0.9767,0.9803,1.3675,5.4217,1,7,7,July,2024
01:53:08,2024-07-07,Toncoin,8,1044,29,69,37,98.783104434167,2506058261.0,5108643275.0,0.0,TONCOIN,7.510640566129147,288668278.0,18822102836.0,1.0006,1.0064,0.9769,0.9805,1.3677,5.4226,1,7,7,July,2024
01:53:57,2024-07-07,Toncoin,8,1044,29,69,37,98.783104434167,2506058261.0,5108643275.0,0.0,TONCOIN,7.510398313729783,288671811.0,18821495737.0,1.0005,1.0064,0.9768,0.9805,1.3677,5.4225,1,7,7,July,2024
01:55:18,2024-07-07,Toncoin,8,1044,29,69,37,98.783104434167,2506058261.0,5108643275.0,0.0,TONCOIN,7.510478050657939,288595165.0,18821695562.0,1.0006,1.0064,0.9768,0.9805,1.3677,5.4225,1,7,7,July,2024
01:55:50,2024-07-07,Toncoin,8,1044,29,69,37,98.783104434167,2506058261.0,5108643275.0,0.0,TONCOIN,7.510354163116819,288489138.0,18821385093.0,1.0027,1.0076,0.9763,0.9803,1.3628,5.4252,1,7,7,July,2024
01:56:13,2024-07-07,Toncoin,8,1044,29,69,37,98.783104434167,2506058261.0,5108643275.0,0.0,TONCOIN,7.51118017650911,288593487.0,18823455131.0,1.0028,1.0077,0.9765,0.9804,1.3629,5.4257,1,7,7,July,2024
01:56:34,2024-07-07,Toncoin,8,1044,29,69,37,98.783104434167,2506058261.0,5108643275.0,0.0,TONCOIN,7.512842968890594,288495620.0,18827622185.0,1.003,1.008,0.9767,0.9806,1.3632,5.427,1,7,7,July,2024
01:56:57,2024-07-07,Toncoin,8,1044,29,69,37,98.783104434167,2506058261.0,5108643275.0,0.0,TONCOIN,7.512996588740902,288437901.0,18828007166.0,1.003,1.008,0.9767,0.9806,1.3633,5.4271,1,7,7,July,2024
01:57:21,2024-07-07,Toncoin,8,1044,29,69,37,98.783104434167,2506058261.0,5108643275.0,0.0,TONCOIN,7.515798225019949,288521367.0,18835028229.0,1.0034,1.0084,0.9771,0.981,1.3638,5.4291,1,7,7,July,2024
01:57:45,2024-07-07,Toncoin,8,1044,29,69,37,98.783104434167,2506058261.0,5108643275.0,0.0,TONCOIN,7.515597142071746,288480048.0,18834524304.0,1.0034,1.0083,0.977,0.9809,1.3637,5.4289,1,7,7,July,2024
01:58:09,2024-07-07,Toncoin,8,1044,29,69,37,98.783104434167,2506058261.0,5108643275.0,0.0,TONCOIN,7.516068191892603,288487393.0,18835704782.0,1.0034,1.0084,0.9771,0.981,1.3638,5.4293,1,7,7,July,2024
01:58:28,2024-07-07,Toncoin,8,1044,29,69,37,98.783104434167,2506058261.0,5108643275.0,0.0,TONCOIN,7.517527605304264,288425461.0,18839362157.0,1.0036,1.0086,0.9773,0.9812,1.3641,5.4303,1,7,7,July,2024
01:58:51,2024-07-07,Toncoin,8,1044,29,69,37,98.783104434167,2506058261.0,5108643275.0,0.0,TONCOIN,7.517674704553237,288392973.0,18839730796.0,1.0037,1.0086,0.9773,0.9812,1.3641,5.4304,1,7,7,July,2024
01:59:10,2024-07-07,Toncoin,8,1044,29,69,37,98.783104434167,2506058261.0,5108643275.0,0.0,TONCOIN,7.517675102051354,288367297.0,18839731793.0,1.0037,1.0086,0.9773,0.9812,1.3641,5.4304,1,7,7,July,2024
01:59:30,2024-07-07,Toncoin,8,1044,29,69,37,98.783104434167,2506058261.0,5108643275.0,0.0,TONCOIN,7.5191705417486725,288396339.0,18843479452.0,1.0039,1.0088,0.9775,0.9814,1.3644,5.4315,1,7,7,July,2024
02:00:02,2024-07-07,Toncoin,8,1044,29,69,37,98.783104434167,2506058261.0,5108643275.0,0.0,TONCOIN,7.518190179199195,288321049.0,18841022606.0,1.0037,1.0087,0.9774,0.9813,1.3642,5.4308,2,7,7,July,2024
02:00:27,2024-07-07,Toncoin,8,1044,29,69,37,98.783104434167,2506058261.0,5108643275.0,0.0,TONCOIN,7.518322429139321,288307491.0,18841354032.0,1.0037,1.0087,0.9774,0.9813,1.3642,5.4309,2,7,7,July,2024
02:00:52,2024-07-07,Toncoin,8,1044,29,69,37,98.783104434167,2506058261.0,5108643275.0,0.0,TONCOIN,7.519608782142015,287539132.0,18844577707.0,1.0043,1.0102,0.9783,0.9778,1.365,5.43,2,7,7,July,2024
02:01:15,2024-07-07,Toncoin,8,1044,29,69,37,98.783104434167,2506058261.0,5108643275.0,0.0,TONCOIN,7.522645169100265,282441418.0,18852187070.0,1.0047,1.0106,0.9787,0.9782,1.3655,5.4322,2,7,7,July,2024
11:27:53,2024-07-07,Toncoin,8,1044,29,69,37,98.783104434167,2506071274.0,5108656342.0,0.0,TONCOIN,7.337640802655781,266313471.0,18388650834.0,1.0119,0.9643,0.9612,0.9712,1.2358,5.2943,11,7,7,July,2024
11:28:11,2024-07-07,Toncoin,8,1044,29,69,37,98.783104434167,2506071274.0,5108656342.0,0.0,TONCOIN,7.339359195787674,266359335.0,18392957250.0,1.0121,0.9645,0.9615,0.9715,1.2361,5.2956,11,7,7,July,2024
11:28:41,2024-07-07,Toncoin,8,1044,29,69,37,98.783104434167,2506071274.0,5108656342.0,0.0,TONCOIN,7.340833418893207,266472691.0,18396651758.0,1.0123,0.9647,0.9617,0.9717,1.2363,5.2966,11,7,7,July,2024
11:29:01,2024-07-07,Toncoin,8,1044,29,69,37,98.783104434167,2506071274.0,5108656342.0,0.0,TONCOIN,7.346235658197315,266501494.0,18410190155.0,1.0131,0.9654,0.9624,0.9724,1.2372,5.3005,11,7,7,July,2024
11:30:35,2024-07-07,Toncoin,8,1044,29,70,38,98.783104434167,2506071274.0,5108656342.0,0.0,TONCOIN,7.348571033739375,266766085.0,18416042772.0,1.0134,0.9657,0.9627,0.9727,1.2376,5.3022,11,7,7,July,2024
11:30:59,2024-07-07,Toncoin,8,1044,29,70,38,98.783104434167,2506071274.0,5108656342.0,0.0,TONCOIN,7.348060570542834,266719714.0,18414763515.0,1.0133,0.9656,0.9626,0.9726,1.2375,5.3018,11,7,7,July,2024
11:31:20,2024-07-07,Toncoin,8,1044,29,70,38,98.783104434167,2506071274.0,5108656342.0,0.0,TONCOIN,7.347737893819646,266672045.0,18413954864.0,1.0087,0.9667,0.9646,0.9763,1.2428,5.3018,11,7,7,July,2024
11:31:42,2024-07-07,Toncoin,8,1044,29,70,38,98.783104434167,2506071274.0,5108656342.0,0.0,TONCOIN,7.345606866196533,266629292.0,18408614357.0,1.0084,0.9664,0.9643,0.976,1.2425,5.3002,11,7,7,July,2024
11:32:04,2024-07-07,Toncoin,8,1044,29,70,38,98.783104434167,2506071274.0,5108656342.0,0.0,TONCOIN,7.340005939843205,266486839.0,18394578036.0,1.0076,0.9656,0.9636,0.9753,1.2415,5.2962,11,7,7,July,2024
11:32:28,2024-07-07,Toncoin,8,1044,29,70,38,98.783104434167,2506071274.0,5108656342.0,0.0,TONCOIN,7.330401317947922,266169677.0,18370508169.0,1.0063,0.9644,0.9624,0.974,1.2399,5.2893,11,7,7,July,2024
11:32:50,2024-07-07,Toncoin,8,1044,29,70,38,98.783104434167,2506071274.0,5108656342.0,0.0,TONCOIN,7.328707860836184,266089463.0,18366264245.0,1.0061,0.9642,0.9621,0.9738,1.2396,5.288,11,7,7,July,2024
11:33:11,2024-07-07,Toncoin,8,1044,29,70,38,98.783104434167,2506071274.0,5108656342.0,0.0,TONCOIN,7.328624838945005,266049549.0,18366056186.0,1.0061,0.9641,0.9621,0.9737,1.2396,5.288,11,7,7,July,2024
11:33:35,2024-07-07,Toncoin,8,1044,29,70,38,98.783104434167,2506071274.0,5108656342.0,0.0,TONCOIN,7.33031271872497,266163837.0,18370286133.0,1.0063,0.9644,0.9623,0.974,1.2399,5.2892,11,7,7,July,2024
11:33:54,2024-07-07,Toncoin,8,1044,29,70,38,98.783104434167,2506071274.0,5108656342.0,0.0,TONCOIN,7.330728802647555,266187432.0,18371328869.0,1.0064,0.9644,0.9624,0.974,1.24,5.2895,11,7,7,July,2024
11:34:15,2024-07-07,Toncoin,8,1044,29,70,38,98.783104434167,2506071274.0,5108656342.0,0.0,TONCOIN,7.33094446299887,266140635.0,18371869330.0,1.0064,0.9644,0.9624,0.9741,1.24,5.2897,11,7,7,July,2024
11:34:41,2024-07-07,Toncoin,8,1044,29,70,38,98.783104434167,2506071274.0,5108656342.0,0.0,TONCOIN,7.332595652770703,266207856.0,18376007329.0,1.0066,0.9647,0.9626,0.9743,1.2403,5.2908,11,7,7,July,2024
11:35:02,2024-07-07,Toncoin,8,1044,29,70,38,98.783104434167,2506071274.0,5108656342.0,0.0,TONCOIN,7.331770821125569,266135915.0,18373940242.0,1.0065,0.9646,0.9625,0.9742,1.2401,5.2903,11,7,7,July,2024
11:35:24,2024-07-07,Toncoin,8,1044,29,70,38,98.783104434167,2506071274.0,5108656342.0,0.0,TONCOIN,7.328622915111953,265956366.0,18366051365.0,1.0014,0.9629,0.9625,0.9714,1.2409,5.2845,11,7,7,July,2024
11:35:45,2024-07-07,Toncoin,8,1044,29,70,38,98.783104434167,2506071274.0,5108656342.0,0.0,TONCOIN,7.327019512106242,265894771.0,18362033123.0,1.0012,0.9627,0.9623,0.9712,1.2406,5.2833,11,7,7,July,2024
11:36:07,2024-07-07,Toncoin,8,1044,29,70,38,98.783104434167,2506071274.0,5108656342.0,0.0,TONCOIN,7.327652595929529,265985167.0,18363619676.0,1.0012,0.9628,0.9624,0.9713,1.2407,5.2838,11,7,7,July,2024
11:36:28,2024-07-07,Toncoin,8,1044,29,70,38,98.783104434167,2506071274.0,5108656342.0,0.0,TONCOIN,7.327105909349068,265964173.0,18362249640.0,1.0012,0.9627,0.9623,0.9712,1.2406,5.2834,11,7,7,July,2024
11:36:51,2024-07-07,Toncoin,8,1044,29,70,38,98.783104434167,2506071274.0,5108656342.0,0.0,TONCOIN,7.326345307066938,265866140.0,18360343517.0,1.0011,0.9626,0.9622,0.9711,1.2405,5.2828,11,7,7,July,2024
11:37:13,2024-07-07,Toncoin,8,1044,29,70,38,98.783104434167,2506071274.0,5108656342.0,0.0,TONCOIN,7.325345786557744,265818784.0,18357838647.0,1.0009,0.9625,0.9621,0.971,1.2403,5.2821,11,7,7,July,2024
11:37:39,2024-07-07,Toncoin,8,1044,29,70,38,98.783104434167,2506071274.0,5108656342.0,0.0,TONCOIN,7.327131810822399,265888871.0,18362314551.0,1.0012,0.9627,0.9623,0.9712,1.2406,5.2834,11,7,7,July,2024
11:38:01,2024-07-07,Toncoin,8,1044,29,70,38,98.783104434167,2506071274.0,5108656342.0,0.0,TONCOIN,7.328453424416269,265915077.0,18365626609.0,1.0014,0.9629,0.9625,0.9714,1.2408,5.2844,11,7,7,July,2024
11:38:29,2024-07-07,Toncoin,8,1044,29,70,38,98.783104434167,2506071274.0,5108656342.0,0.0,TONCOIN,7.331191975484466,266005832.0,18372489613.0,1.0017,0.9632,0.9629,0.9718,1.2413,5.2863,11,7,7,July,2024
11:39:16,2024-07-07,Toncoin,8,1044,29,70,38,98.783104434167,2506071274.0,5108656342.0,0.0,TONCOIN,7.335961180501652,266177014.0,18384441581.0,1.0024,0.9639,0.9635,0.9724,1.2421,5.2898,11,7,7,July,2024
11:40:26,2024-07-07,Toncoin,8,1044,29,70,38,98.783104434167,2506071274.0,5108656342.0,0.0,TONCOIN,7.332149770679375,266089572.0,18374889916.0,1.0019,0.9634,0.963,0.9719,1.2415,5.287,11,7,7,July,2024
11:40:50,2024-07-07,Toncoin,8,1044,29,70,38,98.783104434167,2506071274.0,5108656342.0,0.0,TONCOIN,7.332326038794478,266038428.0,18375331657.0,1.004,0.9646,0.9632,0.9728,1.2403,5.2816,11,7,7,July,2024
11:41:12,2024-07-07,Toncoin,8,1044,29,70,38,98.783104434167,2506071274.0,5108656342.0,0.0,TONCOIN,7.333821492063782,266047911.0,18379079369.0,1.0042,0.9648,0.9634,0.973,1.2405,5.2827,11,7,7,July,2024
11:41:33,2024-07-07,Toncoin,8,1044,29,70,38,98.783104434167,2506071274.0,5108656342.0,0.0,TONCOIN,7.339886442352296,266350753.0,18394278567.0,1.0051,0.9656,0.9642,0.9738,1.2415,5.287,11,7,7,July,2024
11:41:54,2024-07-07,Toncoin,8,1044,29,70,38,98.783104434167,2506071274.0,5108656342.0,0.0,TONCOIN,7.340967067497617,266354916.0,18396986691.0,1.0052,0.9657,0.9644,0.9739,1.2417,5.2878,11,7,7,July,2024
11:42:17,2024-07-07,Toncoin,8,1044,29,70,38,98.783104434167,2506071274.0,5108656342.0,0.0,TONCOIN,7.3424984132205315,266401031.0,18400824352.0,1.0054,0.9659,0.9646,0.9741,1.242,5.2889,11,7,7,July,2024
11:42:41,2024-07-07,Toncoin,8,1044,29,70,38,98.783104434167,2506071274.0,5108656342.0,0.0,TONCOIN,7.344265915965122,266604507.0,18405253840.0,1.0057,0.9662,0.9648,0.9744,1.2423,5.2902,11,7,7,July,2024
11:43:26,2024-07-07,Toncoin,8,1044,29,70,38,98.783104434167,2506071274.0,5108656342.0,0.0,TONCOIN,7.344906626174767,266684404.0,18406859506.0,1.0058,0.9662,0.9649,0.9744,1.2424,5.2907,11,7,7,July,2024
11:44:32,2024-07-07,Toncoin,8,1044,29,70,38,98.783104434167,2506071274.0,5108656342.0,0.0,TONCOIN,7.344586963498073,266789619.0,18406058408.0,1.0057,0.9662,0.9648,0.9744,1.2423,5.2904,11,7,7,July,2024
11:44:55,2024-07-07,Toncoin,8,1044,29,70,38,98.783104434167,2506071274.0,5108656342.0,0.0,TONCOIN,7.343958725667679,266785972.0,18404483999.0,1.0056,0.9661,0.9648,0.9743,1.2422,5.29,11,7,7,July,2024
11:45:17,2024-07-07,Toncoin,8,1044,29,70,38,98.783104434167,2506071274.0,5108656342.0,0.0,TONCOIN,7.343101642523896,266728292.0,18402336088.0,1.0055,0.966,0.9646,0.9742,1.2421,5.2894,11,7,7,July,2024
11:45:39,2024-07-07,Toncoin,8,1044,29,70,38,98.783104434167,2506071274.0,5108656342.0,0.0,TONCOIN,7.3367354770292295,266627541.0,18386382023.0,1.0046,0.9652,0.9638,0.9734,1.241,5.2848,11,7,7,July,2024
11:46:00,2024-07-07,Toncoin,8,1044,29,70,38,98.783104434167,2506071274.0,5108656342.0,0.0,TONCOIN,7.334010269842145,266492978.0,18379552460.0,1.0043,0.9648,0.9634,0.973,1.2405,5.2828,11,7,7,July,2024
11:46:22,2024-07-07,Toncoin,8,1044,29,70,38,98.783104434167,2506071274.0,5108656342.0,0.0,TONCOIN,7.328379036124596,266331159.0,18365440187.0,1.0034,0.9628,0.9631,0.9703,1.2331,5.2733,11,7,7,July,2024
11:46:42,2024-07-07,Toncoin,8,1044,29,70,38,98.783104434167,2506071274.0,5108656342.0,0.0,TONCOIN,7.32683137558428,266277896.0,18361561639.0,1.0032,0.9626,0.9629,0.9701,1.2329,5.2722,11,7,7,July,2024
11:47:05,2024-07-07,Toncoin,8,1044,29,70,38,98.783104434167,2506071274.0,5108656342.0,0.0,TONCOIN,7.324559545966009,266209975.0,18355868272.0,1.0028,0.9623,0.9626,0.9698,1.2325,5.2705,11,7,7,July,2024
11:47:28,2024-07-07,Toncoin,8,1044,29,70,38,98.783104434167,2506071274.0,5108656342.0,0.0,TONCOIN,7.3227398940551485,266202717.0,18351308095.0,1.0026,0.962,0.9624,0.9696,1.2322,5.2692,11,7,7,July,2024
11:47:50,2024-07-07,Toncoin,8,1044,29,70,38,98.783104434167,2506071274.0,5108656342.0,0.0,TONCOIN,7.322275400583239,266126356.0,18350144041.0,1.0025,0.962,0.9623,0.9695,1.2321,5.2689,11,7,7,July,2024
11:48:27,2024-07-07,Toncoin,8,1044,29,70,38,98.783104434167,2506071274.0,5108656342.0,0.0,TONCOIN,7.323379436831198,266158591.0,18352910835.0,1.0027,0.9621,0.9625,0.9696,1.2323,5.2697,11,7,7,July,2024
11:48:52,2024-07-07,Toncoin,8,1044,29,70,38,98.783104434167,2506071274.0,5108656342.0,0.0,TONCOIN,7.324395759556834,266232151.0,18355457812.0,1.0028,0.9622,0.9626,0.9698,1.2325,5.2704,11,7,7,July,2024
11:49:12,2024-07-07,Toncoin,8,1044,29,70,38,98.783104434167,2506071274.0,5108656342.0,0.0,TONCOIN,7.32314957306405,266204585.0,18352334780.0,1.0026,0.9621,0.9625,0.9696,1.2323,5.2695,11,7,7,July,2024
11:49:47,2024-07-07,Toncoin,8,1044,29,70,38,98.783104434167,2506071274.0,5108656342.0,0.0,TONCOIN,7.314983715200161,266221379.0,18331870558.0,1.0015,0.961,0.9614,0.9685,1.2309,5.2637,11,7,7,July,2024
11:50:24,2024-07-07,Toncoin,8,1044,29,70,38,98.783104434167,2506071274.0,5108656342.0,0.0,TONCOIN,7.311380721519889,266242515.0,18322841199.0,1.001,0.9605,0.9609,0.9681,1.2303,5.2611,11,7,7,July,2024
11:51:44,2024-07-07,Toncoin,8,1044,29,70,38,98.783104434167,2506071274.0,5108656342.0,0.0,TONCOIN,7.300027340056701,265964342.0,18294388816.0,0.9994,0.9589,0.9597,0.9648,1.2223,5.2538,11,7,7,July,2024
11:52:07,2024-07-07,Toncoin,8,1044,29,70,38,98.783104434167,2506071274.0,5108656342.0,0.0,TONCOIN,7.299097780633778,265859880.0,18292059274.0,0.9992,0.9588,0.9595,0.9647,1.2221,5.2532,11,7,7,July,2024
11:52:41,2024-07-07,Toncoin,8,1044,29,70,38,98.783104434167,2506071274.0,5108656342.0,0.0,TONCOIN,7.302940599045318,266071734.0,18301689650.0,0.9998,0.9593,0.9601,0.9652,1.2228,5.2559,11,7,7,July,2024
11:53:21,2024-07-07,Toncoin,8,1044,29,70,38,98.783104434167,2506071274.0,5108656342.0,0.0,TONCOIN,7.304321681580971,266030511.0,18305150742.0,0.9999,0.9595,0.9602,0.9654,1.223,5.2569,11,7,7,July,2024
11:54:29,2024-07-07,Toncoin,8,1044,29,70,38,98.783104434167,2506071274.0,5108656342.0,0.0,TONCOIN,7.307809624944298,266137954.0,18313891776.0,1.0004,0.96,0.9607,0.9658,1.2236,5.2594,11,7,7,July,2024
11:54:51,2024-07-07,Toncoin,8,1044,29,70,38,98.783104434167,2506071274.0,5108656342.0,0.0,TONCOIN,7.307929452640117,266088402.0,18314192073.0,1.0004,0.96,0.9607,0.9659,1.2236,5.2595,11,7,7,July,2024
11:55:15,2024-07-07,Toncoin,8,1044,29,70,38,98.783104434167,2506071274.0,5108656342.0,0.0,TONCOIN,7.308168109082104,266018502.0,18314790163.0,1.0005,0.96,0.9607,0.9659,1.2237,5.2597,11,7,7,July,2024
11:55:40,2024-07-07,Toncoin,8,1044,29,70,38,98.783104434167,2506071274.0,5108656342.0,0.0,TONCOIN,7.30983823483304,266161772.0,18318975617.0,1.0034,0.9624,0.9613,0.9648,1.2169,5.2619,11,7,7,July,2024
11:56:04,2024-07-07,Toncoin,8,1044,29,70,38,98.783104434167,2506071274.0,5108656342.0,0.0,TONCOIN,7.310473313712883,266136048.0,18320567170.0,1.0035,0.9625,0.9614,0.9649,1.217,5.2623,11,7,7,July,2024
11:56:24,2024-07-07,Toncoin,8,1044,29,70,38,98.783104434167,2506071274.0,5108656342.0,0.0,TONCOIN,7.315407688960652,266263854.0,18332933066.0,1.0041,0.9631,0.962,0.9655,1.2178,5.2659,11,7,7,July,2024
11:56:46,2024-07-07,Toncoin,8,1044,29,70,38,98.783104434167,2506071274.0,5108656342.0,0.0,TONCOIN,7.315407688960652,266263854.0,18332933066.0,1.0041,0.9631,0.962,0.9655,1.2178,5.2659,11,7,7,July,2024
11:57:06,2024-07-07,Toncoin,8,1044,29,70,38,98.783104434167,2506071274.0,5108656342.0,0.0,TONCOIN,7.318494075788559,266432936.0,18340667772.0,1.0046,0.9635,0.9624,0.9659,1.2183,5.2681,11,7,7,July,2024
11:57:34,2024-07-07,Toncoin,8,1044,29,70,38,98.783104434167,2506071274.0,5108656342.0,0.0,TONCOIN,7.319646946239409,266496186.0,18343556947.0,1.0047,0.9637,0.9626,0.9661,1.2185,5.2689,11,7,7,July,2024
11:58:01,2024-07-07,Toncoin,8,1044,29,70,38,98.783104434167,2506071274.0,5108656342.0,0.0,TONCOIN,7.320573555682765,266469503.0,18345879097.0,1.0048,0.9638,0.9627,0.9662,1.2186,5.2696,11,7,7,July,2024
11:58:28,2024-07-07,Toncoin,8,1044,29,70,38,98.783104434167,2506071274.0,5108656342.0,0.0,TONCOIN,7.3192342814988445,266422355.0,18342522780.0,1.0047,0.9636,0.9625,0.966,1.2184,5.2686,11,7,7,July,2024
11:58:52,2024-07-07,Toncoin,8,1044,29,70,38,98.783104434167,2506071274.0,5108656342.0,0.0,TONCOIN,7.318928598714978,266387844.0,18341756717.0,1.0046,0.9636,0.9625,0.966,1.2184,5.2684,11,7,7,July,2024
11:59:16,2024-07-07,Toncoin,8,1044,29,70,38,98.783104434167,2506071274.0,5108656342.0,0.0,TONCOIN,7.318908150395165,266361233.0,18341705472.0,1.0046,0.9636,0.9625,0.966,1.2184,5.2684,11,7,7,July,2024
12:00:57,2024-07-07,Toncoin,8,1044,29,70,38,98.783104434167,2506071274.0,5108656342.0,0.0,TONCOIN,7.314272429912741,266040490.0,18330088026.0,1.0035,0.9634,0.9623,0.9656,1.2175,5.2608,12,7,7,July,2024
12:01:26,2024-07-07,Toncoin,8,1044,29,70,38,98.783104434167,2506071274.0,5108656342.0,0.0,TONCOIN,7.312339513265651,264102988.0,18325243999.0,1.0032,0.9631,0.9621,0.9654,1.2172,5.2594,12,7,7,July,2024
12:02:02,2024-07-07,Toncoin,8,1044,29,70,38,98.783104434167,2506071274.0,5108656342.0,0.0,TONCOIN,7.310998096488887,264575127.0,18321882313.0,1.003,0.963,0.9619,0.9652,1.2169,5.2585,12,7,7,July,2024
12:10:30,2024-07-07,Toncoin,8,1044,29,70,38,98.783104434167,2506071274.0,5108656342.0,0.0,TONCOIN,7.321368937742448,265760663.0,18347872381.0,0.9977,0.9626,0.9635,0.9678,1.2044,5.2767,12,7,7,July,2024
12:11:33,2024-07-07,Toncoin,8,1044,29,70,38,98.783104434167,2506071274.0,5108656342.0,0.0,TONCOIN,7.324897418987986,265955822.0,18356715006.0,0.9981,0.963,0.964,0.9683,1.205,5.2792,12,7,7,July,2024
12:13:19,2024-07-07,Toncoin,8,1044,29,70,38,98.783104434167,2506071274.0,5108656342.0,0.0,TONCOIN,7.335311473246746,266479672.0,18382813368.0,0.9996,0.9644,0.9654,0.9697,1.2067,5.2867,12,7,7,July,2024
12:13:45,2024-07-07,Toncoin,8,1044,29,70,38,98.783104434167,2506071274.0,5108656342.0,0.0,TONCOIN,7.331076463390194,266322040.0,18372200132.0,0.999,0.9638,0.9648,0.9691,1.206,5.2837,12,7,7,July,2024
12:14:08,2024-07-07,Toncoin,8,1044,29,70,38,98.783104434167,2506071274.0,5108656342.0,0.0,TONCOIN,7.329295473163829,266113442.0,18367736843.0,0.9987,0.9636,0.9646,0.9689,1.2057,5.2824,12,7,7,July,2024
12:15:51,2024-07-07,Toncoin,8,1044,29,70,38,98.783104434167,2506071274.0,5108656342.0,0.0,TONCOIN,7.323838363916134,265928315.0,18354060939.0,1.0003,0.9642,0.9638,0.9693,1.2039,5.2675,12,7,7,July,2024
12:18:19,2024-07-07,Toncoin,8,1044,29,70,38,98.783104434167,2506071274.0,5108656342.0,0.0,TONCOIN,7.310693071588762,265823270.0,18321117899.0,0.9985,0.9625,0.9621,0.9675,1.2017,5.2581,12,7,7,July,2024
12:18:46,2024-07-07,Toncoin,8,1044,29,70,38,98.783104434167,2506071274.0,5108656342.0,0.0,TONCOIN,7.316375415100349,266088361.0,18335358257.0,0.9993,0.9632,0.9629,0.9683,1.2027,5.2622,12,7,7,July,2024
12:31:52,2024-07-07,Toncoin,8,1044,29,70,38,98.783104434167,2506071274.0,5108656342.0,0.0,TONCOIN,7.303282872255801,264918858.0,18302547412.0,0.9937,0.9567,0.9597,0.965,1.1958,5.2531,12,7,7,July,2024
12:49:30,2024-07-07,Toncoin,8,1044,29,70,38,98.783104434167,2506071274.0,5108656342.0,0.0,TONCOIN,7.332261863577259,264459299.0,18375170829.0,0.9985,0.9594,0.9642,0.9683,1.1922,5.2732,12,7,7,July,2024
12:53:31,2024-07-07,Toncoin,8,1044,29,70,38,98.783104434167,2506071274.0,5108656342.0,0.0,TONCOIN,7.322865628261853,263722119.0,18351623194.0,1.0015,0.9576,0.9643,0.9705,1.1749,5.2627,12,7,7,July,2024
12:54:54,2024-07-07,Toncoin,8,1044,29,70,38,98.783104434167,2506071274.0,5108656342.0,0.0,TONCOIN,7.322449421028945,263570818.0,18350580149.0,1.0014,0.9575,0.9642,0.9705,1.1748,5.2624,12,7,7,July,2024
12:56:22,2024-07-07,Toncoin,8,1044,29,70,38,98.783104434167,2506071274.0,5108656342.0,0.0,TONCOIN,7.321176356092084,263413459.0,18347389757.0,1.0017,0.9575,0.9635,0.9682,1.1919,5.2646,12,7,7,July,2024
12:56:44,2024-07-07,Toncoin,8,1044,29,70,38,98.783104434167,2506071274.0,5108656342.0,0.0,TONCOIN,7.31939582419867,263249826.0,18342927618.0,1.0015,0.9573,0.9632,0.968,1.1916,5.2633,12,7,7,July,2024
12:57:08,2024-07-07,Toncoin,8,1044,29,70,38,98.783104434167,2506071274.0,5108656342.0,0.0,TONCOIN,7.320456911903292,263234635.0,18345586779.0,1.0016,0.9574,0.9634,0.9681,1.1918,5.2641,12,7,7,July,2024
12:57:30,2024-07-07,Toncoin,8,1044,29,70,38,98.783104434167,2506071274.0,5108656342.0,0.0,TONCOIN,7.323362091978024,263303002.0,18352867367.0,1.002,0.9578,0.9637,0.9685,1.1923,5.2662,12,7,7,July,2024
12:57:53,2024-07-07,Toncoin,8,1044,29,70,38,98.783104434167,2506071274.0,5108656342.0,0.0,TONCOIN,7.325506504095974,263274049.0,18358241417.0,1.0023,0.9581,0.964,0.9688,1.1926,5.2677,12,7,7,July,2024
12:58:13,2024-07-07,Toncoin,8,1044,29,70,38,98.783104434167,2506071274.0,5108656342.0,0.0,TONCOIN,7.32571793113118,263275656.0,18358771268.0,1.0023,0.9581,0.9641,0.9688,1.1927,5.2679,12,7,7,July,2024
12:58:34,2024-07-07,Toncoin,8,1044,29,70,38,98.783104434167,2506071274.0,5108656342.0,0.0,TONCOIN,7.329651093075389,263379832.0,18368628052.0,1.0029,0.9586,0.9646,0.9693,1.1933,5.2707,12,7,7,July,2024
12:58:56,2024-07-07,Toncoin,8,1044,29,70,38,98.783104434167,2506071274.0,5108656342.0,0.0,TONCOIN,7.32985700694694,263374844.0,18369144087.0,1.0029,0.9586,0.9646,0.9694,1.1933,5.2709,12,7,7,July,2024
12:59:42,2024-07-07,Toncoin,8,1044,29,70,38,98.783104434167,2506071274.0,5108656342.0,0.0,TONCOIN,7.3288126683714845,263273246.0,18366526900.0,1.0028,0.9585,0.9645,0.9692,1.1932,5.2701,12,7,7,July,2024
13:00:02,2024-07-07,Toncoin,8,1044,29,70,38,98.783104434167,2506071274.0,5108656342.0,0.0,TONCOIN,7.328700090795205,263218864.0,18366244773.0,1.0028,0.9585,0.9644,0.9692,1.1932,5.27,13,7,7,July,2024
13:00:26,2024-07-07,Toncoin,8,1044,29,70,38,98.783104434167,2506071274.0,5108656342.0,0.0,TONCOIN,7.329143449172806,263252810.0,18367355860.0,1.0028,0.9585,0.9645,0.9693,1.1932,5.2704,13,7,7,July,2024
13:00:49,2024-07-07,Toncoin,8,1044,29,70,38,98.783104434167,2506071274.0,5108656342.0,0.0,TONCOIN,7.334356557319453,263536990.0,18380420281.0,1.0022,0.9585,0.9648,0.9708,1.1919,5.2768,13,7,7,July,2024
13:01:11,2024-07-07,Toncoin,8,1044,29,70,38,98.783104434167,2506071274.0,5108656342.0,0.0,TONCOIN,7.336299566404278,263505740.0,18385289600.0,1.0025,0.9588,0.965,0.9711,1.1922,5.2782,13,7,7,July,2024
13:01:32,2024-07-07,Toncoin,8,1044,29,70,38,98.783104434167,2506071274.0,5108656342.0,0.0,TONCOIN,7.3349605194146426,262293572.0,18381933853.0,1.0023,0.9586,0.9648,0.9709,1.192,5.2773,13,7,7,July,2024
13:01:55,2024-07-07,Toncoin,8,1044,29,70,38,98.783104434167,2506071274.0,5108656342.0,0.0,TONCOIN,7.334426084600309,262237131.0,18380594521.0,1.0022,0.9585,0.9648,0.9708,1.1919,5.2769,13,7,7,July,2024
13:02:17,2024-07-07,Toncoin,8,1044,29,70,38,98.783104434167,2506071274.0,5108656342.0,0.0,TONCOIN,7.333945993400185,262251355.0,18379391379.0,1.0021,0.9584,0.9647,0.9707,1.1919,5.2765,13,7,7,July,2024
13:02:40,2024-07-07,Toncoin,8,1044,29,70,38,98.783104434167,2506071274.0,5108656342.0,0.0,TONCOIN,7.335651418455717,262328845.0,18383665295.0,1.0024,0.9587,0.9649,0.971,1.1921,5.2778,13,7,7,July,2024
13:03:06,2024-07-07,Toncoin,8,1044,29,70,38,98.783104434167,2506071274.0,5108656342.0,0.0,TONCOIN,7.3363464197440456,262267402.0,18385407018.0,1.0025,0.9588,0.965,0.9711,1.1922,5.2783,13,7,7,July,2024
13:03:27,2024-07-07,Toncoin,8,1044,29,70,38,98.783104434167,2506071274.0,5108656342.0,0.0,TONCOIN,7.3363987170228855,262218951.0,18385538079.0,1.0025,0.9588,0.965,0.9711,1.1923,5.2783,13,7,7,July,2024
13:03:53,2024-07-07,Toncoin,8,1044,29,70,38,98.783104434167,2506071274.0,5108656342.0,0.0,TONCOIN,7.33661638966427,262434810.0,18386083582.0,1.0025,0.9588,0.9651,0.9711,1.1923,5.2784,13,7,7,July,2024
13:04:14,2024-07-07,Toncoin,8,1044,29,70,38,98.783104434167,2506071274.0,5108656342.0,0.0,TONCOIN,7.335728973507237,262321133.0,18383859654.0,1.0024,0.9587,0.965,0.971,1.1921,5.2778,13,7,7,July,2024
13:04:39,2024-07-07,Toncoin,8,1044,29,70,38,98.783104434167,2506071274.0,5108656342.0,0.0,TONCOIN,7.333308104675007,262321258.0,18377792784.0,1.0021,0.9584,0.9646,0.9707,1.1918,5.2761,13,7,7,July,2024
13:05:02,2024-07-07,Toncoin,8,1044,29,70,38,98.783104434167,2506071274.0,5108656342.0,0.0,TONCOIN,7.333684207965084,262406068.0,18378735326.0,1.0021,0.9584,0.9647,0.9707,1.1918,5.2763,13,7,7,July,2024
13:05:29,2024-07-07,Toncoin,8,1044,29,70,38,98.783104434167,2506071274.0,5108656342.0,0.0,TONCOIN,7.333569632578814,262345536.0,18378448192.0,1.0021,0.9584,0.9647,0.9707,1.1918,5.2763,13,7,7,July,2024
13:05:51,2024-07-07,Toncoin,8,1044,29,70,38,98.783104434167,2506071274.0,5108656342.0,0.0,TONCOIN,7.337839076545361,262462924.0,18389147722.0,1.0027,0.959,0.9652,0.9713,1.1925,5.2793,13,7,7,July,2024
13:06:15,2024-07-07,Toncoin,8,1044,29,70,38,98.783104434167,2506071274.0,5108656342.0,0.0,TONCOIN,7.340111489438288,262508737.0,18394842551.0,1.0036,0.9599,0.9639,0.9747,1.19,5.2811,13,7,7,July,2024
13:06:33,2024-07-07,Toncoin,8,1044,29,70,38,98.783104434167,2506071274.0,5108656342.0,0.0,TONCOIN,7.346484756380794,263077654.0,18410814412.0,1.0045,0.9608,0.9647,0.9756,1.191,5.2857,13,7,7,July,2024
13:06:54,2024-07-07,Toncoin,8,1044,29,70,38,98.783104434167,2506071274.0,5108656342.0,0.0,TONCOIN,7.346889503205223,263108612.0,18411828737.0,1.0046,0.9608,0.9648,0.9756,1.1911,5.2859,13,7,7,July,2024
13:07:14,2024-07-07,Toncoin,8,1044,29,70,38,98.783104434167,2506071274.0,5108656342.0,0.0,TONCOIN,7.347843539861526,263114640.0,18414219621.0,1.0047,0.9609,0.9649,0.9757,1.1912,5.2866,13,7,7,July,2024
13:07:44,2024-07-07,Toncoin,8,1044,29,70,38,98.783104434167,2506071274.0,5108656342.0,0.0,TONCOIN,7.345303780587921,263028506.0,18407854803.0,1.0043,0.9606,0.9646,0.9754,1.1908,5.2848,13,7,7,July,2024
13:08:17,2024-07-07,Toncoin,8,1044,29,70,38,98.783104434167,2506071274.0,5108656342.0,0.0,TONCOIN,7.345108513530855,262950759.0,18407365450.0,1.0043,0.9606,0.9645,0.9754,1.1908,5.2847,13,7,7,July,2024
13:08:46,2024-07-07,Toncoin,8,1044,29,70,38,98.783104434167,2506071274.0,5108656342.0,0.0,TONCOIN,7.345901701150114,263091168.0,18409353234.0,1.0044,0.9607,0.9646,0.9755,1.1909,5.2852,13,7,7,July,2024
13:09:11,2024-07-07,Toncoin,8,1044,29,70,38,98.783104434167,2506071274.0,5108656342.0,0.0,TONCOIN,7.3452283340623605,263145125.0,18407665728.0,1.0043,0.9606,0.9646,0.9754,1.1908,5.2847,13,7,7,July,2024
13:10:04,2024-07-07,Toncoin,8,1044,29,70,38,98.783104434167,2506071274.0,5108656342.0,0.0,TONCOIN,7.338069207189475,262880904.0,18389724446.0,1.0034,0.9597,0.9636,0.9744,1.1896,5.2796,13,7,7,July,2024
13:10:24,2024-07-07,Toncoin,8,1044,29,70,38,98.783104434167,2506071274.0,5108656342.0,0.0,TONCOIN,7.338069207189475,262880904.0,18389724446.0,1.0034,0.9597,0.9636,0.9744,1.1896,5.2796,13,7,7,July,2024
13:10:49,2024-07-07,Toncoin,8,1044,29,70,38,98.783104434167,2506071274.0,5108656342.0,0.0,TONCOIN,7.332972096842368,262727392.0,18376950724.0,1.0027,0.959,0.9629,0.9738,1.1888,5.2759,13,7,7,July,2024
13:11:10,2024-07-07,Toncoin,8,1044,29,70,38,98.783104434167,2506071274.0,5108656342.0,0.0,TONCOIN,7.3321947854672755,262728407.0,18375002727.0,1.0026,0.9589,0.9628,0.9737,1.1887,5.2754,13,7,7,July,2024
13:11:34,2024-07-07,Toncoin,8,1044,29,70,38,98.783104434167,2506071274.0,5108656342.0,0.0,TONCOIN,7.331749263296815,262684355.0,18373886216.0,1.0021,0.9599,0.9617,0.9728,1.1866,5.2724,13,7,7,July,2024
13:11:57,2024-07-07,Toncoin,8,1044,29,70,38,98.783104434167,2506071274.0,5108656342.0,0.0,TONCOIN,7.331807634672407,262624189.0,18374032499.0,1.0021,0.9599,0.9617,0.9728,1.1866,5.2724,13,7,7,July,2024
13:12:34,2024-07-07,Toncoin,8,1044,29,70,38,98.783104434167,2506071274.0,5108656342.0,0.0,TONCOIN,7.330931045176107,262607618.0,18371835703.0,1.002,0.9598,0.9616,0.9726,1.1865,5.2718,13,7,7,July,2024
13:13:01,2024-07-07,Toncoin,8,1044,29,70,38,98.783104434167,2506071274.0,5108656342.0,0.0,TONCOIN,7.330488035878057,262528567.0,18370725491.0,1.0019,0.9597,0.9616,0.9726,1.1864,5.2715,13,7,7,July,2024
13:13:25,2024-07-07,Toncoin,8,1044,29,70,38,98.783104434167,2506071274.0,5108656342.0,0.0,TONCOIN,7.330418250645158,262476186.0,18370550604.0,1.0019,0.9597,0.9616,0.9726,1.1864,5.2715,13,7,7,July,2024
13:13:48,2024-07-07,Toncoin,8,1044,29,70,38,98.783104434167,2506071274.0,5108656342.0,0.0,TONCOIN,7.325672269164001,262258676.0,18358656836.0,1.0013,0.9591,0.9609,0.9719,1.1856,5.268,13,7,7,July,2024
13:14:10,2024-07-07,Toncoin,8,1044,29,70,38,98.783104434167,2506071274.0,5108656342.0,0.0,TONCOIN,7.322822605370703,261855549.0,18351515375.0,1.0009,0.9587,0.9606,0.9716,1.1852,5.266,13,7,7,July,2024
14:46:31,2024-07-07,Toncoin,8,1044,29,70,38,98.783104434167,2504679270.0,5107264399.0,0.0,TONCOIN,7.341205656621148,266548846.0,18387365624.0,1.0085,0.9605,0.9609,1.0038,1.1864,5.2775,14,7,7,July,2024
14:46:52,2024-07-07,Toncoin,8,1044,29,70,38,98.783104434167,2504679270.0,5107264399.0,0.0,TONCOIN,7.340493310554837,266692485.0,18385581426.0,1.0084,0.9604,0.9608,1.0037,1.1863,5.277,14,7,7,July,2024
14:47:32,2024-07-07,Toncoin,8,1044,29,70,38,98.783104434167,2504679270.0,5107264399.0,0.0,TONCOIN,7.341048725664682,266823804.0,18386972563.0,1.0085,0.9605,0.9609,1.0038,1.1864,5.2774,14,7,7,July,2024
14:47:54,2024-07-07,Toncoin,8,1044,29,70,38,98.783104434167,2504679270.0,5107264399.0,0.0,TONCOIN,7.3335984079473215,266588177.0,18368311906.0,1.0075,0.9595,0.9599,1.0028,1.1852,5.2721,14,7,7,July,2024
14:48:17,2024-07-07,Toncoin,8,1044,29,70,38,98.783104434167,2504679270.0,5107264399.0,0.0,TONCOIN,7.332544660373708,266529889.0,18365672607.0,1.0073,0.9593,0.9598,1.0026,1.185,5.2713,14,7,7,July,2024
14:48:40,2024-07-07,Toncoin,8,1044,29,70,38,98.783104434167,2504679270.0,5107264399.0,0.0,TONCOIN,7.331301717924226,266537535.0,18362559435.0,1.0072,0.9592,0.9596,1.0025,1.1848,5.2704,14,7,7,July,2024
14:49:04,2024-07-07,Toncoin,8,1044,29,70,38,98.783104434167,2504679270.0,5107264399.0,0.0,TONCOIN,7.3312594691821795,266462797.0,18362453615.0,1.0072,0.9592,0.9596,1.0025,1.1848,5.2704,14,7,7,July,2024
14:49:26,2024-07-07,Toncoin,8,1044,29,70,38,98.783104434167,2504679270.0,5107264399.0,0.0,TONCOIN,7.330225289376814,266390109.0,18359863326.0,1.007,0.959,0.9595,1.0023,1.1847,5.2696,14,7,7,July,2024
14:49:49,2024-07-07,Toncoin,8,1044,29,70,38,98.783104434167,2504679270.0,5107264399.0,0.0,TONCOIN,7.327342256730429,266340124.0,18352642254.0,1.0066,0.9587,0.9591,1.0019,1.1842,5.2676,14,7,7,July,2024
14:50:12,2024-07-07,Toncoin,8,1044,29,70,38,98.783104434167,2504679270.0,5107264399.0,0.0,TONCOIN,7.326519174378189,266279747.0,18350580697.0,1.0065,0.9586,0.959,1.0018,1.1841,5.267,14,7,7,July,2024
14:50:32,2024-07-07,Toncoin,8,1044,29,70,38,98.783104434167,2504679270.0,5107264399.0,0.0,TONCOIN,7.3264712279260875,266230563.0,18350460606.0,1.0065,0.9586,0.959,1.0018,1.1841,5.2669,14,7,7,July,2024
14:50:58,2024-07-07,Toncoin,8,1044,29,70,38,98.783104434167,2504679270.0,5107264399.0,0.0,TONCOIN,7.322558498964223,266124024.0,18340660475.0,1.0057,0.9571,0.9584,1.0033,1.1902,5.2646,14,7,7,July,2024
14:51:17,2024-07-07,Toncoin,8,1044,29,70,38,98.783104434167,2504679270.0,5107264399.0,0.0,TONCOIN,7.321937497492424,266080211.0,18339105066.0,1.0056,0.957,0.9583,1.0032,1.1901,5.2642,14,7,7,July,2024
14:51:43,2024-07-07,Toncoin,8,1044,29,70,38,98.783104434167,2504679270.0,5107264399.0,0.0,TONCOIN,7.321410040067187,266085184.0,18337783954.0,1.0055,0.9569,0.9583,1.0031,1.19,5.2638,14,7,7,July,2024
14:52:02,2024-07-07,Toncoin,8,1044,29,70,38,98.783104434167,2504679270.0,5107264399.0,0.0,TONCOIN,7.321410040067187,266085184.0,18337783954.0,1.0055,0.9569,0.9583,1.0031,1.19,5.2638,14,7,7,July,2024
14:52:23,2024-07-07,Toncoin,8,1044,29,70,38,98.783104434167,2504679270.0,5107264399.0,0.0,TONCOIN,7.321375585246746,265979059.0,18337697656.0,1.0055,0.9569,0.9583,1.0031,1.19,5.2638,14,7,7,July,2024
14:52:47,2024-07-07,Toncoin,8,1044,29,70,38,98.783104434167,2504679270.0,5107264399.0,0.0,TONCOIN,7.32190562944064,266025747.0,18339025246.0,1.0056,0.957,0.9583,1.0032,1.19,5.2641,14,7,7,July,2024
14:53:39,2024-07-07,Toncoin,8,1044,29,70,38,98.783104434167,2504679270.0,5107264399.0,0.0,TONCOIN,7.322078405321577,265990806.0,18339457995.0,1.0056,0.957,0.9584,1.0032,1.1901,5.2643,14,7,7,July,2024
14:54:04,2024-07-07,Toncoin,8,1044,29,70,38,98.783104434167,2504679270.0,5107264399.0,0.0,TONCOIN,7.3227716881988245,265990666.0,18341194446.0,1.0057,0.9571,0.9585,1.0033,1.1902,5.2648,14,7,7,July,2024
14:54:31,2024-07-07,Toncoin,8,1044,29,70,38,98.783104434167,2504679270.0,5107264399.0,0.0,TONCOIN,7.3228768852929536,265929857.0,18341457931.0,1.0057,0.9571,0.9585,1.0033,1.1902,5.2648,14,7,7,July,2024
14:55:01,2024-07-07,Toncoin,8,1044,29,70,38,98.783104434167,2504679270.0,5107264399.0,0.0,TONCOIN,7.322261160680046,265887055.0,18339915738.0,1.0056,0.957,0.9584,1.0032,1.1901,5.2644,14,7,7,July,2024
14:55:25,2024-07-07,Toncoin,8,1044,29,70,38,98.783104434167,2504679270.0,5107264399.0,0.0,TONCOIN,7.322268650424144,265826725.0,18339934498.0,1.0056,0.957,0.9584,1.0032,1.1901,5.2644,14,7,7,July,2024
14:55:47,2024-07-07,Toncoin,8,1044,29,70,38,98.783104434167,2504679270.0,5107264399.0,0.0,TONCOIN,7.320694672455387,265786984.0,18335992188.0,1.0054,0.9568,0.9582,1.003,1.1898,5.2633,14,7,7,July,2024
14:56:12,2024-07-07,Toncoin,8,1044,29,70,38,98.783104434167,2504679270.0,5107264399.0,0.0,TONCOIN,7.320568957850011,265738458.0,18335677313.0,1.0018,0.9571,0.9588,1.0053,1.1915,5.2599,14,7,7,July,2024
14:56:34,2024-07-07,Toncoin,8,1044,29,70,38,98.783104434167,2504679270.0,5107264399.0,0.0,TONCOIN,7.32255455760955,265887363.0,18340650603.0,1.002,0.9574,0.9591,1.0056,1.1918,5.2613,14,7,7,July,2024
14:56:57,2024-07-07,Toncoin,8,1044,29,70,38,98.783104434167,2504679270.0,5107264399.0,0.0,TONCOIN,7.321760664447182,265828364.0,18338662156.0,1.0019,0.9573,0.959,1.0055,1.1917,5.2607,14,7,7,July,2024
14:57:24,2024-07-07,Toncoin,8,1044,29,70,38,98.783104434167,2504679270.0,5107264399.0,0.0,TONCOIN,7.320774857857935,265786211.0,18336193026.0,1.0018,0.9571,0.9588,1.0054,1.1915,5.26,14,7,7,July,2024
14:57:42,2024-07-07,Toncoin,8,1044,29,70,38,98.783104434167,2504679270.0,5107264399.0,0.0,TONCOIN,7.317931837700442,265841718.0,18329072173.0,1.0014,0.9568,0.9585,1.005,1.1911,5.258,14,7,7,July,2024
14:58:03,2024-07-07,Toncoin,8,1044,29,70,38,98.783104434167,2504679270.0,5107264399.0,0.0,TONCOIN,7.317176585053247,265803915.0,18327180507.0,1.0013,0.9567,0.9584,1.0049,1.191,5.2574,14,7,7,July,2024
14:58:26,2024-07-07,Toncoin,8,1044,29,70,38,98.783104434167,2504679270.0,5107264399.0,0.0,TONCOIN,7.316429505066844,265797664.0,18325309311.0,1.0012,0.9566,0.9583,1.0048,1.1908,5.2569,14,7,7,July,2024
14:58:50,2024-07-07,Toncoin,8,1044,29,70,38,98.783104434167,2504679270.0,5107264399.0,0.0,TONCOIN,7.314581550484418,265889881.0,18320680778.0,1.0009,0.9563,0.958,1.0045,1.1905,5.2556,14,7,7,July,2024
14:59:13,2024-07-07,Toncoin,8,1044,29,70,38,98.783104434167,2504679270.0,5107264399.0,0.0,TONCOIN,7.314217850267115,265948039.0,18319769825.0,1.0009,0.9563,0.958,1.0045,1.1905,5.2553,14,7,7,July,2024
14:59:36,2024-07-07,Toncoin,8,1044,29,70,38,98.783104434167,2504679270.0,5107264399.0,0.0,TONCOIN,7.317083482794944,266079313.0,18326947316.0,1.0013,0.9567,0.9584,1.0049,1.1909,5.2574,14,7,7,July,2024
14:59:58,2024-07-07,Toncoin,8,1044,29,70,38,98.783104434167,2504679270.0,5107264399.0,0.0,TONCOIN,7.319285737880889,266184405.0,18332463258.0,1.0016,0.9569,0.9586,1.0052,1.1913,5.259,14,7,7,July,2024
15:00:48,2024-07-07,Toncoin,8,1044,29,70,38,98.783104434167,2504679270.0,5107264399.0,0.0,TONCOIN,7.31956825745939,266122335.0,18333170879.0,1.0016,0.957,0.9587,1.0052,1.1913,5.2592,15,7,7,July,2024
15:02:00,2024-07-07,Toncoin,8,1044,29,70,38,98.783104434167,2504679270.0,5107264399.0,0.0,TONCOIN,7.313831476654375,264090347.0,18318802083.0,1.0004,0.9564,0.9588,1.0053,1.1909,5.2531,15,7,7,July,2024
15:02:40,2024-07-07,Toncoin,8,1044,29,70,38,98.783104434167,2504679270.0,5107264399.0,0.0,TONCOIN,7.309150166823296,263879137.0,18307076904.0,0.9997,0.9558,0.9582,1.0046,1.1902,5.2497,15,7,7,July,2024
15:02:58,2024-07-07,Toncoin,8,1044,29,70,38,98.783104434167,2504679270.0,5107264399.0,0.0,TONCOIN,7.308406392220318,263786844.0,18305213987.0,0.9996,0.9557,0.9581,1.0045,1.1901,5.2492,15,7,7,July,2024
15:03:24,2024-07-07,Toncoin,8,1044,29,70,38,98.783104434167,2504679270.0,5107264399.0,0.0,TONCOIN,7.306917527221828,263786874.0,18301484858.0,0.9994,0.9555,0.9579,1.0043,1.1898,5.2481,15,7,7,July,2024
15:03:43,2024-07-07,Toncoin,8,1044,29,70,38,98.783104434167,2504679270.0,5107264399.0,0.0,TONCOIN,7.303986623982719,263741761.0,18294143885.0,0.999,0.9551,0.9575,1.0039,1.1893,5.246,15,7,7,July,2024
15:04:04,2024-07-07,Toncoin,8,1044,29,70,38,98.783104434167,2504679270.0,5107264399.0,0.0,TONCOIN,7.303532149693245,263681907.0,18293005573.0,0.999,0.9551,0.9574,1.0039,1.1893,5.2457,15,7,7,July,2024
15:04:28,2024-07-07,Toncoin,8,1044,29,70,38,98.783104434167,2504679270.0,5107264399.0,0.0,TONCOIN,7.3029651219546885,263698808.0,18291585350.0,0.9989,0.955,0.9574,1.0038,1.1892,5.2453,15,7,7,July,2024
15:04:53,2024-07-07,Toncoin,8,1044,29,70,38,98.783104434167,2504679270.0,5107264399.0,0.0,TONCOIN,7.304508214736473,263886388.0,18295450302.0,0.9991,0.9552,0.9576,1.004,1.1894,5.2464,15,7,7,July,2024
15:05:12,2024-07-07,Toncoin,8,1044,29,70,38,98.783104434167,2504679270.0,5107264399.0,0.0,TONCOIN,7.304310285040885,263912213.0,18294954552.0,0.9991,0.9552,0.9575,1.004,1.1894,5.2462,15,7,7,July,2024
15:05:52,2024-07-07,Toncoin,8,1044,29,70,38,98.783104434167,2504679270.0,5107264399.0,0.0,TONCOIN,7.301981718404102,263872062.0,18289122240.0,0.9991,0.9547,0.9579,1.0122,1.1918,5.2463,15,7,7,July,2024
15:06:56,2024-07-07,Toncoin,8,1044,29,70,38,98.783104434167,2504679270.0,5107264399.0,0.0,TONCOIN,7.2976411361318645,263893407.0,18278250473.0,0.9985,0.9541,0.9574,1.0116,1.1911,5.2432,15,7,7,July,2024
15:07:33,2024-07-07,Toncoin,8,1044,29,70,38,98.783104434167,2504679270.0,5107264399.0,0.0,TONCOIN,7.297456381391564,263825506.0,18277787722.0,0.9985,0.9541,0.9573,1.0116,1.1911,5.2431,15,7,7,July,2024
15:07:57,2024-07-07,Toncoin,8,1044,29,70,38,98.783104434167,2504679270.0,5107264399.0,0.0,TONCOIN,7.298418948321498,263902822.0,18280198643.0,0.9986,0.9543,0.9575,1.0117,1.1912,5.2437,15,7,7,July,2024
15:08:23,2024-07-07,Toncoin,8,1044,29,70,38,98.783104434167,2504679270.0,5107264399.0,0.0,TONCOIN,7.298455540955886,263867513.0,18280290296.0,0.9986,0.9543,0.9575,1.0117,1.1912,5.2438,15,7,7,July,2024
15:08:43,2024-07-07,Toncoin,8,1044,29,70,38,98.783104434167,2504679270.0,5107264399.0,0.0,TONCOIN,7.298453614726793,263843946.0,18280285471.0,0.9986,0.9543,0.9575,1.0117,1.1912,5.2438,15,7,7,July,2024
15:09:04,2024-07-07,Toncoin,8,1044,29,70,38,98.783104434167,2504679270.0,5107264399.0,0.0,TONCOIN,7.305657289567236,264201354.0,18298328366.0,0.9996,0.9552,0.9584,1.0127,1.1924,5.2489,15,7,7,July,2024
15:09:27,2024-07-07,Toncoin,8,1044,29,70,38,98.783104434167,2504679270.0,5107264399.0,0.0,TONCOIN,7.305635331176441,264247478.0,18298273368.0,0.9996,0.9552,0.9584,1.0127,1.1924,5.2489,15,7,7,July,2024
15:09:49,2024-07-07,Toncoin,8,1044,29,70,38,98.783104434167,2504679270.0,5107264399.0,0.0,TONCOIN,7.310850882763917,264434231.0,18311336652.0,1.0003,0.9559,0.9591,1.0135,1.1933,5.2527,15,7,7,July,2024
15:10:11,2024-07-07,Toncoin,8,1044,29,70,38,98.783104434167,2504679270.0,5107264399.0,0.0,TONCOIN,7.3118361043732465,264433392.0,18313804316.0,1.0005,0.956,0.9592,1.0136,1.1934,5.2534,15,7,7,July,2024
15:10:37,2024-07-07,Toncoin,8,1044,29,70,38,98.783104434167,2504679270.0,5107264399.0,0.0,TONCOIN,7.312928791425966,264484728.0,18316541146.0,1.0006,0.9561,0.9594,1.0138,1.1936,5.2542,15,7,7,July,2024
15:11:02,2024-07-07,Toncoin,8,1044,29,70,38,98.783104434167,2504679270.0,5107264399.0,0.0,TONCOIN,7.314051288632664,264474529.0,18319352642.0,0.9983,0.9573,0.9598,1.0111,1.1993,5.2565,15,7,7,July,2024
15:11:23,2024-07-07,Toncoin,8,1044,29,70,38,98.783104434167,2504679270.0,5107264399.0,0.0,TONCOIN,7.316904258078149,264568527.0,18326498415.0,0.9987,0.9577,0.9602,1.0115,1.1998,5.2586,15,7,7,July,2024
15:11:45,2024-07-07,Toncoin,8,1044,29,70,38,98.783104434167,2504679270.0,5107264399.0,0.0,TONCOIN,7.320914123502602,264866923.0,18336541842.0,0.9992,0.9582,0.9607,1.012,1.2004,5.2615,15,7,7,July,2024
15:12:07,2024-07-07,Toncoin,8,1044,29,70,38,98.783104434167,2504679270.0,5107264399.0,0.0,TONCOIN,7.32138689038872,264870895.0,18337725972.0,0.9993,0.9583,0.9608,1.0121,1.2005,5.2618,15,7,7,July,2024
15:12:33,2024-07-07,Toncoin,8,1044,29,70,38,98.783104434167,2504679270.0,5107264399.0,0.0,TONCOIN,7.321489551127269,264835194.0,18337983104.0,0.9993,0.9583,0.9608,1.0121,1.2005,5.2619,15,7,7,July,2024
15:12:55,2024-07-07,Toncoin,8,1044,29,70,38,98.783104434167,2504679270.0,5107264399.0,0.0,TONCOIN,7.319627858193267,264807112.0,18333320160.0,0.999,0.958,0.9606,1.0118,1.2002,5.2605,15,7,7,July,2024
15:13:12,2024-07-07,Toncoin,8,1044,29,70,38,98.783104434167,2504679270.0,5107264399.0,0.0,TONCOIN,7.319735932177798,264771994.0,18333590851.0,0.999,0.9581,0.9606,1.0118,1.2003,5.2606,15,7,7,July,2024
15:13:33,2024-07-07,Toncoin,8,1044,29,70,38,98.783104434167,2504679270.0,5107264399.0,0.0,TONCOIN,7.321521572109958,264923350.0,18338063306.0,0.9993,0.9583,0.9608,1.0121,1.2005,5.2619,15,7,7,July,2024
15:13:55,2024-07-07,Toncoin,8,1044,29,70,38,98.783104434167,2504679270.0,5107264399.0,0.0,TONCOIN,7.322574748403532,264957758.0,18340701175.0,0.9994,0.9584,0.961,1.0122,1.2007,5.2627,15,7,7,July,2024
15:14:14,2024-07-07,Toncoin,8,1044,29,70,38,98.783104434167,2504679270.0,5107264399.0,0.0,TONCOIN,7.322819247716553,264928314.0,18341313567.0,0.9995,0.9585,0.961,1.0123,1.2008,5.2628,15,7,7,July,2024
15:14:35,2024-07-07,Toncoin,8,1044,29,70,38,98.783104434167,2504679270.0,5107264399.0,0.0,TONCOIN,7.322402779513018,264935087.0,18340270448.0,0.9994,0.9584,0.9609,1.0122,1.2007,5.2625,15,7,7,July,2024
15:14:58,2024-07-07,Toncoin,8,1044,29,70,38,98.783104434167,2504679270.0,5107264399.0,0.0,TONCOIN,7.322603358428975,264908634.0,18340772834.0,0.9994,0.9584,0.961,1.0122,1.2007,5.2627,15,7,7,July,2024
15:15:20,2024-07-07,Toncoin,8,1044,29,70,38,98.783104434167,2504679270.0,5107264399.0,0.0,TONCOIN,7.323224817316552,264888135.0,18342329389.0,0.9995,0.9585,0.961,1.0123,1.2008,5.2631,15,7,7,July,2024
15:15:46,2024-07-07,Toncoin,8,1044,29,70,38,98.783104434167,2504679270.0,5107264399.0,0.0,TONCOIN,7.324679981999695,264947620.0,18345974110.0,0.9997,0.9587,0.9612,1.0125,1.2011,5.2642,15,7,7,July,2024
15:16:10,2024-07-07,Toncoin,8,1044,29,70,38,98.783104434167,2504679270.0,5107264399.0,0.0,TONCOIN,7.325231808872067,264966607.0,18347356259.0,0.9999,0.958,0.963,1.0083,1.2051,5.2603,15,7,7,July,2024
15:16:31,2024-07-07,Toncoin,8,1044,29,70,38,98.783104434167,2504679270.0,5107264399.0,0.0,TONCOIN,7.326846911742106,264990401.0,18351401574.0,1.0002,0.9582,0.9632,1.0085,1.2054,5.2615,15,7,7,July,2024
15:16:54,2024-07-07,Toncoin,8,1044,29,70,38,98.783104434167,2504679270.0,5107264399.0,0.0,TONCOIN,7.327328116717883,265009366.0,18352606838.0,1.0002,0.9582,0.9633,1.0086,1.2054,5.2618,15,7,7,July,2024
15:17:15,2024-07-07,Toncoin,8,1044,29,70,38,98.783104434167,2504679270.0,5107264399.0,0.0,TONCOIN,7.328072162080155,265001812.0,18354470433.0,1.0003,0.9583,0.9634,1.0087,1.2056,5.2623,15,7,7,July,2024
15:17:36,2024-07-07,Toncoin,8,1044,29,70,38,98.783104434167,2504679270.0,5107264399.0,0.0,TONCOIN,7.3261224042951065,265259608.0,18349586915.0,1.0001,0.9581,0.9631,1.0084,1.2053,5.2609,15,7,7,July,2024
15:17:58,2024-07-07,Toncoin,8,1044,29,70,38,98.783104434167,2504679270.0,5107264399.0,0.0,TONCOIN,7.324730879274804,265151547.0,18346101591.0,0.9999,0.9579,0.963,1.0082,1.205,5.2599,15,7,7,July,2024
15:18:20,2024-07-07,Toncoin,8,1044,29,70,38,98.783104434167,2504679270.0,5107264399.0,0.0,TONCOIN,7.323413826628315,265044621.0,18342802797.0,0.9997,0.9577,0.9628,1.008,1.2048,5.259,15,7,7,July,2024
15:18:42,2024-07-07,Toncoin,8,1044,29,70,38,98.783104434167,2504679270.0,5107264399.0,0.0,TONCOIN,7.320004680984931,264969324.0,18334263980.0,0.9992,0.9573,0.9623,1.0076,1.2042,5.2565,15,7,7,July,2024
15:19:06,2024-07-07,Toncoin,8,1044,29,70,38,98.783104434167,2504679270.0,5107264399.0,0.0,TONCOIN,7.31926020838077,264919001.0,18332399315.0,0.9991,0.9572,0.9622,1.0075,1.2041,5.256,15,7,7,July,2024
15:19:29,2024-07-07,Toncoin,8,1044,29,70,38,98.783104434167,2504679270.0,5107264399.0,0.0,TONCOIN,7.3190557876361995,264855287.0,18331887307.0,0.9991,0.9572,0.9622,1.0074,1.2041,5.2559,15,7,7,July,2024
15:19:52,2024-07-07,Toncoin,8,1044,29,70,38,98.783104434167,2504679270.0,5107264399.0,0.0,TONCOIN,7.3169113462233275,264845292.0,18326516169.0,0.9988,0.9569,0.9619,1.0072,1.2037,5.2543,15,7,7,July,2024
15:20:20,2024-07-07,Toncoin,8,1044,29,70,38,98.783104434167,2504679270.0,5107264399.0,0.0,TONCOIN,7.316226142751572,264783821.0,18324799954.0,0.9987,0.9568,0.9618,1.0071,1.2036,5.2538,15,7,7,July,2024
15:20:43,2024-07-07,Toncoin,8,1044,29,70,38,98.783104434167,2504679270.0,5107264399.0,0.0,TONCOIN,7.316882722466259,264822503.0,18326444475.0,0.9988,0.9569,0.9619,1.0072,1.2037,5.2543,15,7,7,July,2024
15:21:03,2024-07-07,Toncoin,8,1044,29,70,38,98.783104434167,2504679270.0,5107264399.0,0.0,TONCOIN,7.3169167097147065,264780116.0,18326529603.0,0.9988,0.9569,0.9619,1.0072,1.2037,5.2543,15,7,7,July,2024
15:21:24,2024-07-07,Toncoin,8,1044,29,70,38,98.783104434167,2504679270.0,5107264399.0,0.0,TONCOIN,7.316263194591527,264746734.0,18324892757.0,0.9975,0.9551,0.9627,1.0141,1.1986,5.2585,15,7,7,July,2024
15:21:47,2024-07-07,Toncoin,8,1044,29,70,38,98.783104434167,2504679270.0,5107264399.0,0.0,TONCOIN,7.313161628238452,264642003.0,18317124328.0,0.997,0.9547,0.9623,1.0137,1.1981,5.2562,15,7,7,July,2024
15:22:08,2024-07-07,Toncoin,8,1044,29,70,38,98.783104434167,2504679270.0,5107264399.0,0.0,TONCOIN,7.312287327658678,264549845.0,18314934485.0,0.9969,0.9546,0.9622,1.0135,1.1979,5.2556,15,7,7,July,2024
15:22:29,2024-07-07,Toncoin,8,1044,29,70,38,98.783104434167,2504679270.0,5107264399.0,0.0,TONCOIN,7.312259028571776,264480841.0,18314863605.0,0.9969,0.9546,0.9622,1.0135,1.1979,5.2556,15,7,7,July,2024
15:22:50,2024-07-07,Toncoin,8,1044,29,70,38,98.783104434167,2504679270.0,5107264399.0,0.0,TONCOIN,7.311317837866277,264492738.0,18312506224.0,0.9968,0.9545,0.962,1.0134,1.1978,5.2549,15,7,7,July,2024
15:23:11,2024-07-07,Toncoin,8,1044,29,70,38,98.783104434167,2504679270.0,5107264399.0,0.0,TONCOIN,7.3109970456997315,264406622.0,18311702743.0,0.9968,0.9544,0.962,1.0134,1.1977,5.2547,15,7,7,July,2024
15:24:41,2024-07-07,Toncoin,8,1044,29,70,38,98.783104434167,2504679270.0,5107264399.0,0.0,TONCOIN,7.308473391719004,264250389.0,18305381799.0,0.9964,0.9541,0.9617,1.013,1.1973,5.2529,15,7,7,July,2024
15:25:04,2024-07-07,Toncoin,8,1044,29,70,38,98.783104434167,2504679270.0,5107264399.0,0.0,TONCOIN,7.308391995197286,264237678.0,18305177927.0,0.9964,0.9541,0.9617,1.013,1.1973,5.2528,15,7,7,July,2024
15:25:27,2024-07-07,Toncoin,8,1044,29,70,38,98.783104434167,2504679270.0,5107264399.0,0.0,TONCOIN,7.308113336601191,264169477.0,18304479976.0,0.9964,0.954,0.9616,1.013,1.1972,5.2526,15,7,7,July,2024
15:25:49,2024-07-07,Toncoin,8,1044,29,70,38,98.783104434167,2504679270.0,5107264399.0,0.0,TONCOIN,7.3064275481804986,264178832.0,18300257617.0,0.9976,0.9536,0.9625,1.0086,1.1866,5.2569,15,7,7,July,2024
15:26:10,2024-07-07,Toncoin,8,1044,29,70,38,98.783104434167,2504679270.0,5107264399.0,0.0,TONCOIN,7.306303856250072,264147455.0,18299947809.0,0.9976,0.9535,0.9625,1.0086,1.1865,5.2568,15,7,7,July,2024
15:26:38,2024-07-07,Toncoin,8,1044,29,70,38,98.783104434167,2504679270.0,5107264399.0,0.0,TONCOIN,7.302686293209676,264078739.0,18290886973.0,0.9971,0.9531,0.962,1.0081,1.1859,5.2542,15,7,7,July,2024
15:27:04,2024-07-07,Toncoin,8,1044,29,70,38,98.783104434167,2504679270.0,5107264399.0,0.0,TONCOIN,7.300203231078562,263952925.0,18284667699.0,0.9967,0.9527,0.9617,1.0077,1.1855,5.2524,15,7,7,July,2024
15:27:26,2024-07-07,Toncoin,8,1044,29,70,38,98.783104434167,2504679270.0,5107264399.0,0.0,TONCOIN,7.299449196973307,263937161.0,18282779086.0,0.9966,0.9526,0.9616,1.0076,1.1854,5.2519,15,7,7,July,2024
15:27:49,2024-07-07,Toncoin,8,1044,29,70,38,98.783104434167,2504679270.0,5107264399.0,0.0,TONCOIN,7.298047202039652,263976562.0,18279267538.0,0.9964,0.9525,0.9614,1.0074,1.1852,5.2509,15,7,7,July,2024
15:28:59,2024-07-07,Toncoin,8,1044,29,70,38,98.783104434167,2504679270.0,5107264399.0,0.0,TONCOIN,7.297659242157353,263956925.0,18278295823.0,0.9964,0.9524,0.9613,1.0074,1.1851,5.2506,15,7,7,July,2024
15:29:23,2024-07-07,Toncoin,8,1044,29,70,38,98.783104434167,2504679270.0,5107264399.0,0.0,TONCOIN,7.296946375283965,264089142.0,18276510320.0,0.9963,0.9523,0.9612,1.0073,1.185,5.2501,15,7,7,July,2024
15:29:43,2024-07-07,Toncoin,8,1044,29,70,38,98.783104434167,2504679270.0,5107264399.0,0.0,TONCOIN,7.295737230072043,264133171.0,18273481799.0,0.9961,0.9522,0.9611,1.0071,1.1848,5.2492,15,7,7,July,2024
15:30:05,2024-07-07,Toncoin,8,1044,29,70,38,98.783104434167,2504679270.0,5107264399.0,0.0,TONCOIN,7.295437618946205,264081412.0,18272731369.0,0.9961,0.9521,0.961,1.0071,1.1848,5.249,15,7,7,July,2024
15:30:28,2024-07-07,Toncoin,8,1044,29,70,38,98.783104434167,2504679270.0,5107264399.0,0.0,TONCOIN,7.294109866871628,264035503.0,18269405776.0,0.9959,0.952,0.9608,1.0069,1.1846,5.2481,15,7,7,July,2024
15:30:56,2024-07-07,Toncoin,8,1044,29,70,38,98.783104434167,2504679270.0,5107264399.0,0.0,TONCOIN,7.294673711711249,264073819.0,18270818027.0,0.9958,0.9518,0.9617,1.0067,1.1904,5.2454,15,7,7,July,2024
15:31:16,2024-07-07,Toncoin,8,1044,29,70,38,98.783104434167,2504679270.0,5107264399.0,0.0,TONCOIN,7.294667612800192,264056308.0,18270802751.0,0.9958,0.9518,0.9617,1.0067,1.1904,5.2454,15,7,7,July,2024
15:31:40,2024-07-07,Toncoin,8,1044,29,70,38,98.783104434167,2504679270.0,5107264399.0,0.0,TONCOIN,7.294834246411443,264024882.0,18271220115.0,0.9958,0.9518,0.9617,1.0067,1.1904,5.2455,15,7,7,July,2024
15:32:00,2024-07-07,Toncoin,8,1044,29,70,38,98.783104434167,2504679270.0,5107264399.0,0.0,TONCOIN,7.295685875517706,264011738.0,18273353172.0,0.9959,0.9519,0.9618,1.0068,1.1905,5.2462,15,7,7,July,2024
15:32:23,2024-07-07,Toncoin,8,1044,29,70,38,98.783104434167,2504679270.0,5107264399.0,0.0,TONCOIN,7.295622294269813,263969428.0,18273193922.0,0.9959,0.9519,0.9618,1.0068,1.1905,5.2461,15,7,7,July,2024
15:32:47,2024-07-07,Toncoin,8,1044,29,70,38,98.783104434167,2504679270.0,5107264399.0,0.0,TONCOIN,7.299005674827792,264071607.0,18281668205.0,0.9964,0.9523,0.9622,1.0073,1.1911,5.2485,15,7,7,July,2024
15:33:10,2024-07-07,Toncoin,8,1044,29,70,38,98.783104434167,2504679270.0,5107264399.0,0.0,TONCOIN,7.300306020655837,264076649.0,18284925154.0,0.9966,0.9525,0.9624,1.0075,1.1913,5.2495,15,7,7,July,2024
15:33:32,2024-07-07,Toncoin,8,1044,29,70,38,98.783104434167,2504679270.0,5107264399.0,0.0,TONCOIN,7.300083098809955,264042045.0,18284366806.0,0.9965,0.9525,0.9624,1.0075,1.1912,5.2493,15,7,7,July,2024
15:34:00,2024-07-07,Toncoin,8,1044,29,70,38,98.783104434167,2504679270.0,5107264399.0,0.0,TONCOIN,7.299842871917229,263944044.0,18283765115.0,0.9965,0.9525,0.9623,1.0074,1.1912,5.2491,15,7,7,July,2024
15:34:19,2024-07-07,Toncoin,8,1044,29,70,38,98.783104434167,2504679270.0,5107264399.0,0.0,TONCOIN,7.298281448656415,264100098.0,18279854251.0,0.9963,0.9523,0.9621,1.0072,1.191,5.248,15,7,7,July,2024
15:34:42,2024-07-07,Toncoin,8,1044,29,70,38,98.783104434167,2504679270.0,5107264399.0,0.0,TONCOIN,7.298038276611128,263930489.0,18279245183.0,0.9963,0.9522,0.9621,1.0072,1.1909,5.2478,15,7,7,July,2024
15:35:06,2024-07-07,Toncoin,8,1044,29,70,38,98.783104434167,2504679270.0,5107264399.0,0.0,TONCOIN,7.2980120953942444,263863797.0,18279179607.0,0.9963,0.9522,0.9621,1.0072,1.1909,5.2478,15,7,7,July,2024
15:35:53,2024-07-07,Toncoin,8,1044,29,70,38,98.783104434167,2504679270.0,5107264399.0,0.0,TONCOIN,7.304705846537541,263663312.0,18295945307.0,0.9972,0.9531,0.963,1.0081,1.192,5.2526,15,7,7,July,2024
15:36:14,2024-07-07,Toncoin,8,1044,29,70,38,98.783104434167,2504679270.0,5107264399.0,0.0,TONCOIN,7.305261535404688,263623653.0,18297337129.0,0.997,0.9514,0.9637,1.0102,1.1883,5.2577,15,7,7,July,2024
15:36:39,2024-07-07,Toncoin,8,1044,29,70,38,98.783104434167,2504679270.0,5107264399.0,0.0,TONCOIN,7.304498561102932,263408558.0,18295426123.0,0.9969,0.9513,0.9636,1.01,1.1882,5.2572,15,7,7,July,2024
15:36:59,2024-07-07,Toncoin,8,1044,29,70,38,98.783104434167,2504679270.0,5107264399.0,0.0,TONCOIN,7.304498561102932,263408558.0,18295426123.0,0.9969,0.9513,0.9636,1.01,1.1882,5.2572,15,7,7,July,2024
15:37:32,2024-07-07,Toncoin,8,1044,29,70,38,98.783104434167,2504679270.0,5107264399.0,0.0,TONCOIN,7.30404788978898,263235850.0,18294297336.0,0.9968,0.9512,0.9636,1.01,1.1881,5.2569,15,7,7,July,2024
15:38:11,2024-07-07,Toncoin,8,1044,29,70,38,98.783104434167,2504679270.0,5107264399.0,0.0,TONCOIN,7.305133149271101,262932804.0,18297015563.0,0.997,0.9514,0.9637,1.0101,1.1883,5.2576,15,7,7,July,2024
15:38:33,2024-07-07,Toncoin,8,1044,29,70,38,98.783104434167,2504679270.0,5107264399.0,0.0,TONCOIN,7.303594945332005,262665556.0,18293162856.0,0.9968,0.9512,0.9635,1.0099,1.1881,5.2565,15,7,7,July,2024
15:38:54,2024-07-07,Toncoin,8,1044,29,70,38,98.783104434167,2504679270.0,5107264399.0,0.0,TONCOIN,7.304031153792332,262450103.0,18294255418.0,0.9968,0.9512,0.9636,1.01,1.1881,5.2568,15,7,7,July,2024
15:39:48,2024-07-07,Toncoin,8,1044,29,71,39,98.783104434167,2504679270.0,5107264399.0,0.0,TONCOIN,7.307396721735197,261984179.0,18302685086.0,0.9973,0.9517,0.964,1.0104,1.1887,5.2593,15,7,7,July,2024
15:40:11,2024-07-07,Toncoin,8,1044,29,71,39,98.783104434167,2504679270.0,5107264399.0,0.0,TONCOIN,7.306104616370509,261656217.0,18299448777.0,0.9971,0.9515,0.9638,1.0103,1.1885,5.2583,15,7,7,July,2024
15:40:33,2024-07-07,Toncoin,8,1044,29,71,39,98.783104434167,2504679270.0,5107264399.0,0.0,TONCOIN,7.304529165746997,261581048.0,18295502778.0,0.9969,0.9513,0.9636,1.0101,1.1882,5.2572,15,7,7,July,2024
15:40:57,2024-07-07,Toncoin,8,1044,29,71,39,98.783104434167,2504679270.0,5107264399.0,0.0,TONCOIN,7.3035321644631415,261436065.0,18293005610.0,0.9967,0.9512,0.9635,1.0099,1.1881,5.2565,15,7,7,July,2024
15:41:24,2024-07-07,Toncoin,8,1044,29,71,39,98.783104434167,2504679270.0,5107264399.0,0.0,TONCOIN,7.304520409295817,261443486.0,18295480846.0,0.9975,0.9462,0.9628,1.0049,1.1831,5.2556,15,7,7,July,2024
15:41:46,2024-07-07,Toncoin,8,1044,29,71,39,98.783104434167,2504679270.0,5107264399.0,0.0,TONCOIN,7.305508327906583,261413308.0,18297955265.0,0.9977,0.9463,0.9629,1.0051,1.1832,5.2563,15,7,7,July,2024
15:42:09,2024-07-07,Toncoin,8,1044,29,71,39,98.783104434167,2504679270.0,5107264399.0,0.0,TONCOIN,7.30567278311195,261346525.0,18298367173.0,0.9977,0.9463,0.9629,1.0051,1.1832,5.2564,15,7,7,July,2024
15:42:30,2024-07-07,Toncoin,8,1044,29,71,39,98.783104434167,2504679270.0,5107264399.0,0.0,TONCOIN,7.305728693262326,261327470.0,18298507210.0,0.9977,0.9464,0.9629,1.0051,1.1833,5.2564,15,7,7,July,2024
15:42:54,2024-07-07,Toncoin,8,1044,29,71,39,98.783104434167,2504679270.0,5107264399.0,0.0,TONCOIN,7.305617924143652,261209885.0,18298229769.0,0.9977,0.9463,0.9629,1.0051,1.1832,5.2563,15,7,7,July,2024
15:43:15,2024-07-07,Toncoin,8,1044,29,71,39,98.783104434167,2504679270.0,5107264399.0,0.0,TONCOIN,7.305779789853028,261160082.0,18298635190.0,0.9977,0.9464,0.9629,1.0051,1.1833,5.2565,15,7,7,July,2024
15:43:37,2024-07-07,Toncoin,8,1044,29,71,39,98.783104434167,2504679270.0,5107264399.0,0.0,TONCOIN,7.304147225842161,261077732.0,18294546141.0,0.9975,0.9461,0.9627,1.0049,1.183,5.2553,15,7,7,July,2024
15:43:58,2024-07-07,Toncoin,8,1044,29,71,39,98.783104434167,2504679270.0,5107264399.0,0.0,TONCOIN,7.303139352194082,260991290.0,18292021741.0,0.9974,0.946,0.9626,1.0048,1.1828,5.2546,15,7,7,July,2024
15:44:32,2024-07-07,Toncoin,8,1044,29,71,39,98.783104434167,2504679270.0,5107264399.0,0.0,TONCOIN,7.303262489583342,260872154.0,18292330161.0,0.9974,0.946,0.9626,1.0048,1.1829,5.2546,15,7,7,July,2024
15:44:58,2024-07-07,Toncoin,8,1044,29,71,39,98.783104434167,2504679270.0,5107264399.0,0.0,TONCOIN,7.301039870399204,260720196.0,18286763212.0,0.9971,0.9457,0.9623,1.0045,1.1825,5.253,15,7,7,July,2024
15:45:20,2024-07-07,Toncoin,8,1044,29,71,39,98.783104434167,2504679270.0,5107264399.0,0.0,TONCOIN,7.300377198797731,260561103.0,18285103433.0,0.997,0.9457,0.9622,1.0044,1.1824,5.2526,15,7,7,July,2024
15:45:48,2024-07-07,Toncoin,8,1044,29,71,39,98.783104434167,2504679270.0,5107264399.0,0.0,TONCOIN,7.296757426713663,260275682.0,18276037064.0,0.9949,0.9451,0.9624,0.998,1.1819,5.2517,15,7,7,July,2024
15:46:11,2024-07-07,Toncoin,8,1044,29,71,39,98.783104434167,2504679270.0,5107264399.0,0.0,TONCOIN,7.296060939980152,260187870.0,18274292589.0,0.9948,0.945,0.9623,0.9979,1.1818,5.2512,15,7,7,July,2024
15:46:30,2024-07-07,Toncoin,8,1044,29,71,39,98.783104434167,2504679270.0,5107264399.0,0.0,TONCOIN,7.295691463260532,260095144.0,18273367168.0,0.9948,0.945,0.9622,0.9979,1.1818,5.2509,15,7,7,July,2024
15:46:51,2024-07-07,Toncoin,8,1044,29,71,39,98.783104434167,2504679270.0,5107264399.0,0.0,TONCOIN,7.296370438107988,260101289.0,18275067782.0,0.9948,0.9451,0.9623,0.998,1.1819,5.2514,15,7,7,July,2024
15:47:14,2024-07-07,Toncoin,8,1044,29,71,39,98.783104434167,2504679270.0,5107264399.0,0.0,TONCOIN,7.296232369491883,260039955.0,18274721964.0,0.9948,0.9451,0.9623,0.998,1.1819,5.2513,15,7,7,July,2024
15:47:41,2024-07-07,Toncoin,8,1044,29,71,39,98.783104434167,2504679270.0,5107264399.0,0.0,TONCOIN,7.29795666965983,259984783.0,18279040783.0,0.9951,0.9453,0.9625,0.9982,1.1821,5.2525,15,7,7,July,2024
15:48:03,2024-07-07,Toncoin,8,1044,29,71,39,98.783104434167,2504679270.0,5107264399.0,0.0,TONCOIN,7.298252191512254,259975225.0,18279780971.0,0.9951,0.9453,0.9626,0.9982,1.1822,5.2528,15,7,7,July,2024
15:48:21,2024-07-07,Toncoin,8,1044,29,71,39,98.783104434167,2504679270.0,5107264399.0,0.0,TONCOIN,7.299027998889492,259969779.0,18281724119.0,0.9952,0.9454,0.9627,0.9983,1.1823,5.2533,15,7,7,July,2024
15:48:47,2024-07-07,Toncoin,8,1044,29,71,39,98.783104434167,2504679270.0,5107264399.0,0.0,TONCOIN,7.299196425437707,259966103.0,18282145974.0,0.9952,0.9454,0.9627,0.9984,1.1823,5.2534,15,7,7,July,2024
15:49:12,2024-07-07,Toncoin,8,1044,29,71,39,98.783104434167,2504679270.0,5107264399.0,0.0,TONCOIN,7.299184153833719,259913559.0,18282115238.0,0.9952,0.9454,0.9627,0.9984,1.1823,5.2534,15,7,7,July,2024
15:49:33,2024-07-07,Toncoin,8,1044,29,71,39,98.783104434167,2504679270.0,5107264399.0,0.0,TONCOIN,7.298842862847525,259839182.0,18281260413.0,0.9952,0.9454,0.9626,0.9983,1.1823,5.2532,15,7,7,July,2024
15:49:56,2024-07-07,Toncoin,8,1044,29,71,39,98.783104434167,2504679270.0,5107264399.0,0.0,TONCOIN,7.2959828693000635,259734687.0,18274097047.0,0.9948,0.945,0.9623,0.9979,1.1818,5.2511,15,7,7,July,2024
15:50:18,2024-07-07,Toncoin,8,1044,29,71,39,98.783104434167,2504679270.0,5107264399.0,0.0,TONCOIN,7.2951605346777315,259695912.0,18272037362.0,0.9947,0.9449,0.9621,0.9978,1.1817,5.2505,15,7,7,July,2024
15:50:40,2024-07-07,Toncoin,8,1044,29,71,39,98.783104434167,2504679270.0,5107264399.0,0.0,TONCOIN,7.294948566039039,259684907.0,18271506449.0,0.9946,0.9449,0.9621,0.9978,1.1817,5.2504,15,7,7,July,2024
15:51:01,2024-07-07,Toncoin,8,1044,29,71,39,98.783104434167,2504679270.0,5107264399.0,0.0,TONCOIN,7.294844593679636,259671038.0,18271246031.0,0.9956,0.9469,0.963,0.9992,1.1748,5.249,15,7,7,July,2024
15:51:21,2024-07-07,Toncoin,8,1044,29,71,39,98.783104434167,2504679270.0,5107264399.0,0.0,TONCOIN,7.2950294832968945,259650741.0,18271709120.0,0.9957,0.9469,0.9631,0.9993,1.1748,5.2491,15,7,7,July,2024
15:51:49,2024-07-07,Toncoin,8,1044,29,71,39,98.783104434167,2504679270.0,5107264399.0,0.0,TONCOIN,7.291963553368335,259615331.0,18264029949.0,0.9952,0.9465,0.9627,0.9989,1.1743,5.2469,15,7,7,July,2024
15:52:08,2024-07-07,Toncoin,8,1044,29,71,39,98.783104434167,2504679270.0,5107264399.0,0.0,TONCOIN,7.291658595536428,259559171.0,18263266128.0,0.9952,0.9465,0.9626,0.9988,1.1742,5.2467,15,7,7,July,2024
15:52:32,2024-07-07,Toncoin,8,1044,29,71,39,98.783104434167,2504679270.0,5107264399.0,0.0,TONCOIN,7.291172345178763,259482125.0,18262048226.0,0.9951,0.9464,0.9625,0.9987,1.1742,5.2463,15,7,7,July,2024
15:52:52,2024-07-07,Toncoin,8,1044,29,71,39,98.783104434167,2504679270.0,5107264399.0,0.0,TONCOIN,7.291698043331788,259581944.0,18263364932.0,0.9952,0.9465,0.9626,0.9988,1.1742,5.2467,15,7,7,July,2024
15:53:16,2024-07-07,Toncoin,8,1044,29,71,39,98.783104434167,2504679270.0,5107264399.0,0.0,TONCOIN,7.291698043331788,259581944.0,18263364932.0,0.9952,0.9465,0.9626,0.9988,1.1742,5.2467,15,7,7,July,2024
15:53:37,2024-07-07,Toncoin,8,1044,29,71,39,98.783104434167,2504679270.0,5107264399.0,0.0,TONCOIN,7.291777388382417,259471019.0,18263563666.0,0.9952,0.9465,0.9626,0.9988,1.1743,5.2468,15,7,7,July,2024
15:53:57,2024-07-07,Toncoin,8,1044,29,71,39,98.783104434167,2504679270.0,5107264399.0,0.0,TONCOIN,7.291777387990455,259447879.0,18263563665.0,0.9952,0.9465,0.9626,0.9988,1.1743,5.2468,15,7,7,July,2024
15:54:20,2024-07-07,Toncoin,8,1044,29,71,39,98.783104434167,2504679270.0,5107264399.0,0.0,TONCOIN,7.2938687796056945,259576990.0,18268801930.0,0.9955,0.9468,0.9629,0.9991,1.1746,5.2483,15,7,7,July,2024
15:54:40,2024-07-07,Toncoin,8,1044,29,71,39,98.783104434167,2504679270.0,5107264399.0,0.0,TONCOIN,7.295246065826112,259596724.0,18272251590.0,0.9957,0.9469,0.9631,0.9993,1.1748,5.2493,15,7,7,July,2024
15:55:02,2024-07-07,Toncoin,8,1044,29,71,39,98.783104434167,2504679270.0,5107264399.0,0.0,TONCOIN,7.295728678880828,259611963.0,18273460381.0,0.9957,0.947,0.9632,0.9994,1.1749,5.2496,15,7,7,July,2024
15:55:22,2024-07-07,Toncoin,8,1044,29,71,39,98.783104434167,2504679270.0,5107264399.0,0.0,TONCOIN,7.2972790533235665,259538412.0,18277343572.0,0.996,0.9472,0.9634,0.9996,1.1751,5.2507,15,7,7,July,2024
15:55:44,2024-07-07,Toncoin,8,1044,29,71,39,98.783104434167,2504679270.0,5107264399.0,0.0,TONCOIN,7.299218992173126,259495631.0,18282202496.0,0.9968,0.9476,0.9639,1.0013,1.1716,5.2516,15,7,7,July,2024
15:56:08,2024-07-07,Toncoin,8,1044,29,71,39,98.783104434167,2504679270.0,5107264399.0,0.0,TONCOIN,7.298969586901431,259451727.0,18281577816.0,0.9968,0.9476,0.9639,1.0013,1.1716,5.2515,15,7,7,July,2024
15:56:30,2024-07-07,Toncoin,8,1044,29,71,39,98.783104434167,2504679270.0,5107264399.0,0.0,TONCOIN,7.298942387949464,259380342.0,18281509692.0,0.9968,0.9476,0.9639,1.0013,1.1716,5.2514,15,7,7,July,2024
15:56:53,2024-07-07,Toncoin,8,1044,29,71,39,98.783104434167,2504679270.0,5107264399.0,0.0,TONCOIN,7.297925362335246,259035018.0,18278962369.0,0.9966,0.9475,0.9638,1.0012,1.1714,5.2507,15,7,7,July,2024
15:57:17,2024-07-07,Toncoin,8,1044,29,71,39,98.783104434167,2504679270.0,5107264399.0,0.0,TONCOIN,7.294645067610189,258868745.0,18270746282.0,0.9962,0.947,0.9633,1.0007,1.1709,5.2484,15,7,7,July,2024
15:57:38,2024-07-07,Toncoin,8,1044,29,71,39,98.783104434167,2504679270.0,5107264399.0,0.0,TONCOIN,7.294524276437972,258797219.0,18270443739.0,0.9962,0.947,0.9633,1.0007,1.1709,5.2483,15,7,7,July,2024
15:58:00,2024-07-07,Toncoin,8,1044,29,71,39,98.783104434167,2504679270.0,5107264399.0,0.0,TONCOIN,7.29496611270535,258817326.0,18271550397.0,0.9962,0.9471,0.9634,1.0008,1.171,5.2486,15,7,7,July,2024
15:58:24,2024-07-07,Toncoin,8,1044,29,71,39,98.783104434167,2504679270.0,5107264399.0,0.0,TONCOIN,7.295179982600083,258819808.0,18272086073.0,0.9962,0.9471,0.9634,1.0008,1.171,5.2487,15,7,7,July,2024
15:58:44,2024-07-07,Toncoin,8,1044,29,71,39,98.783104434167,2504679270.0,5107264399.0,0.0,TONCOIN,7.293871756471609,258809583.0,18268809386.0,0.9961,0.9469,0.9632,1.0006,1.1708,5.2478,15,7,7,July,2024
15:59:07,2024-07-07,Toncoin,8,1044,29,71,39,98.783104434167,2504679270.0,5107264399.0,0.0,TONCOIN,7.293933477746668,258786375.0,18268963978.0,0.9961,0.9469,0.9632,1.0006,1.1708,5.2478,15,7,7,July,2024
15:59:31,2024-07-07,Toncoin,8,1044,29,71,39,98.783104434167,2504679270.0,5107264399.0,0.0,TONCOIN,7.292949137720191,258745417.0,18266498522.0,0.9959,0.9468,0.9631,1.0005,1.1706,5.2471,15,7,7,July,2024
15:59:50,2024-07-07,Toncoin,8,1044,29,71,39,98.783104434167,2504679270.0,5107264399.0,0.0,TONCOIN,7.2926013304155894,258719903.0,18265627376.0,0.9959,0.9468,0.9631,1.0004,1.1706,5.2469,15,7,7,July,2024
16:00:15,2024-07-07,Toncoin,8,1044,29,71,39,98.783104434167,2504679270.0,5107264399.0,0.0,TONCOIN,7.29047704266531,258639831.0,18260306717.0,0.9956,0.9465,0.9628,1.0001,1.1702,5.2454,16,7,7,July,2024
16:00:32,2024-07-07,Toncoin,8,1044,29,71,39,98.783104434167,2504679270.0,5107264399.0,0.0,TONCOIN,7.290517842072706,258596116.0,18260408906.0,0.9956,0.9465,0.9628,1.0001,1.1702,5.2454,16,7,7,July,2024
16:00:57,2024-07-07,Toncoin,8,1044,29,71,39,98.783104434167,2504679270.0,5107264399.0,0.0,TONCOIN,7.290831489931058,258384505.0,18261194493.0,0.996,0.9443,0.9623,1.0007,1.1682,5.2485,16,7,7,July,2024
16:01:20,2024-07-07,Toncoin,8,1044,29,71,39,98.783104434167,2504679270.0,5107264399.0,0.0,TONCOIN,7.290514391344336,257324292.0,18260400263.0,0.996,0.9442,0.9623,1.0007,1.1681,5.2482,16,7,7,July,2024
16:01:42,2024-07-07,Toncoin,8,1044,29,71,39,98.783104434167,2504679270.0,5107264399.0,0.0,TONCOIN,7.290481446855519,257259908.0,18260317748.0,0.996,0.9442,0.9623,1.0007,1.1681,5.2482,16,7,7,July,2024
16:02:12,2024-07-07,Toncoin,8,1044,29,71,39,98.783104434167,2504679270.0,5107264399.0,0.0,TONCOIN,7.292284475362661,257392789.0,18264833756.0,0.9962,0.9445,0.9625,1.0009,1.1684,5.2495,16,7,7,July,2024
16:02:42,2024-07-07,Toncoin,8,1044,29,71,39,98.783104434167,2504679270.0,5107264399.0,0.0,TONCOIN,7.292795755082462,257318922.0,18266114348.0,0.9963,0.9445,0.9626,1.001,1.1685,5.2499,16,7,7,July,2024
16:03:28,2024-07-07,Toncoin,8,1044,29,71,39,98.783104434167,2504679270.0,5107264399.0,0.0,TONCOIN,7.287578765066125,257155590.0,18253047461.0,0.9956,0.9439,0.9619,1.0003,1.1677,5.2461,16,7,7,July,2024
16:04:10,2024-07-07,Toncoin,8,1044,29,71,39,98.783104434167,2504679270.0,5107264399.0,0.0,TONCOIN,7.287485885096518,257208753.0,18252814826.0,0.9956,0.9439,0.9619,1.0002,1.1677,5.2461,16,7,7,July,2024
16:04:43,2024-07-07,Toncoin,8,1044,29,71,39,98.783104434167,2504679270.0,5107264399.0,0.0,TONCOIN,7.287270462594695,257175330.0,18252275262.0,0.9955,0.9438,0.9619,1.0002,1.1676,5.2459,16,7,7,July,2024
16:05:10,2024-07-07,Toncoin,8,1044,29,71,39,98.783104434167,2504679270.0,5107264399.0,0.0,TONCOIN,7.287011139121699,257048790.0,18251625740.0,0.9955,0.9438,0.9618,1.0002,1.1676,5.2457,16,7,7,July,2024
16:05:43,2024-07-07,Toncoin,8,1044,29,71,39,98.783104434167,2504679270.0,5107264399.0,0.0,TONCOIN,7.287046138125999,256887180.0,18251713401.0,0.9955,0.9438,0.9618,1.0002,1.1676,5.2458,16,7,7,July,2024
16:06:06,2024-07-07,Toncoin,8,1044,29,71,39,98.783104434167,2504679270.0,5107264399.0,0.0,TONCOIN,7.286418219447914,256823468.0,18250140666.0,0.9975,0.9451,0.9611,1.0044,1.1644,5.2455,16,7,7,July,2024
16:06:35,2024-07-07,Toncoin,8,1044,29,71,39,98.783104434167,2504679270.0,5107264399.0,0.0,TONCOIN,7.286202557700386,256696857.0,18249600503.0,0.9975,0.9451,0.9611,1.0043,1.1644,5.2454,16,7,7,July,2024
16:06:57,2024-07-07,Toncoin,8,1044,29,71,39,98.783104434167,2504679270.0,5107264399.0,0.0,TONCOIN,7.287295994142434,256825776.0,18252339210.0,0.9976,0.9452,0.9612,1.0045,1.1645,5.2461,16,7,7,July,2024
16:07:21,2024-07-07,Toncoin,8,1044,29,71,39,98.783104434167,2504679270.0,5107264399.0,0.0,TONCOIN,7.287628315356479,256793626.0,18253171568.0,0.9977,0.9453,0.9613,1.0045,1.1646,5.2464,16,7,7,July,2024
16:07:40,2024-07-07,Toncoin,8,1044,29,71,39,98.783104434167,2504679270.0,5107264399.0,0.0,TONCOIN,7.28765584465396,256746689.0,18253240520.0,0.9977,0.9453,0.9613,1.0045,1.1646,5.2464,16,7,7,July,2024
16:08:08,2024-07-07,Toncoin,8,1044,29,71,39,98.783104434167,2504679270.0,5107264399.0,0.0,TONCOIN,7.287876860136999,256815050.0,18253794093.0,0.9977,0.9453,0.9613,1.0046,1.1646,5.2466,16,7,7,July,2024
16:08:26,2024-07-07,Toncoin,8,1044,29,71,39,98.783104434167,2504679270.0,5107264399.0,0.0,TONCOIN,7.2878446071189344,256769044.0,18253713310.0,0.9977,0.9453,0.9613,1.0046,1.1646,5.2465,16,7,7,July,2024
16:08:48,2024-07-07,Toncoin,8,1044,29,71,39,98.783104434167,2504679270.0,5107264399.0,0.0,TONCOIN,7.290799815641988,256868285.0,18261115159.0,0.9981,0.9457,0.9617,1.005,1.1651,5.2487,16,7,7,July,2024
16:09:07,2024-07-07,Toncoin,8,1044,29,71,39,98.783104434167,2504679270.0,5107264399.0,0.0,TONCOIN,7.295531970367763,257056224.0,18272967689.0,0.9987,0.9463,0.9623,1.0056,1.1659,5.2521,16,7,7,July,2024
16:09:30,2024-07-07,Toncoin,8,1044,29,71,39,98.783104434167,2504679270.0,5107264399.0,0.0,TONCOIN,7.295572274481213,256990341.0,18273068638.0,0.9988,0.9463,0.9623,1.0056,1.1659,5.2521,16,7,7,July,2024
16:09:54,2024-07-07,Toncoin,8,1044,29,71,39,98.783104434167,2504679270.0,5107264399.0,0.0,TONCOIN,7.2963007734156005,257048311.0,18274893294.0,0.9989,0.9464,0.9624,1.0057,1.166,5.2526,16,7,7,July,2024
16:10:15,2024-07-07,Toncoin,8,1044,29,71,39,98.783104434167,2504679270.0,5107264399.0,0.0,TONCOIN,7.296822982970122,257083050.0,18276201262.0,0.9989,0.9465,0.9625,1.0058,1.1661,5.253,16,7,7,July,2024
16:10:39,2024-07-07,Toncoin,8,1044,29,71,39,98.783104434167,2504679270.0,5107264399.0,0.0,TONCOIN,7.29693115963194,257007916.0,18276472210.0,0.9989,0.9465,0.9625,1.0058,1.1661,5.2531,16,7,7,July,2024
16:11:02,2024-07-07,Toncoin,8,1044,29,71,39,98.783104434167,2504679270.0,5107264399.0,0.0,TONCOIN,7.298220663770524,257045168.0,18279702004.0,0.9991,0.9467,0.9627,1.006,1.1663,5.254,16,7,7,July,2024
16:11:24,2024-07-07,Toncoin,8,1044,29,71,39,98.783104434167,2504679270.0,5107264399.0,0.0,TONCOIN,7.298119451266514,257000963.0,18279448499.0,0.9981,0.9478,0.9628,1.0068,1.1619,5.253,16,7,7,July,2024
16:11:48,2024-07-07,Toncoin,8,1044,29,71,39,98.783104434167,2504679270.0,5107264399.0,0.0,TONCOIN,7.29761873177894,256908525.0,18278194357.0,0.998,0.9477,0.9627,1.0067,1.1618,5.2527,16,7,7,July,2024
16:12:08,2024-07-07,Toncoin,8,1044,29,71,39,98.783104434167,2504679270.0,5107264399.0,0.0,TONCOIN,7.298954615098872,256977616.0,18281540317.0,0.9982,0.9479,0.9629,1.0069,1.162,5.2536,16,7,7,July,2024
16:12:42,2024-07-07,Toncoin,8,1044,29,71,39,98.783104434167,2504679270.0,5107264399.0,0.0,TONCOIN,7.298936751442986,256888923.0,18281495574.0,0.9982,0.9479,0.9629,1.0069,1.162,5.2536,16,7,7,July,2024
16:13:05,2024-07-07,Toncoin,8,1044,29,71,39,98.783104434167,2504679270.0,5107264399.0,0.0,TONCOIN,7.300376870656695,256945795.0,18285102611.0,0.9984,0.9481,0.9631,1.0071,1.1622,5.2547,16,7,7,July,2024
16:13:30,2024-07-07,Toncoin,8,1044,29,71,39,98.783104434167,2504679270.0,5107264399.0,0.0,TONCOIN,7.300662567090055,256917480.0,18285818189.0,0.9984,0.9481,0.9631,1.0072,1.1623,5.2549,16,7,7,July,2024
16:13:50,2024-07-07,Toncoin,8,1044,29,71,39,98.783104434167,2504679270.0,5107264399.0,0.0,TONCOIN,7.302501811155317,257018845.0,18290424905.0,0.9987,0.9483,0.9634,1.0074,1.1626,5.2562,16,7,7,July,2024
16:14:13,2024-07-07,Toncoin,8,1044,29,71,39,98.783104434167,2504679270.0,5107264399.0,0.0,TONCOIN,7.309107280049595,257342018.0,18306969486.0,0.9996,0.9492,0.9643,1.0083,1.1636,5.2609,16,7,7,July,2024
16:14:33,2024-07-07,Toncoin,8,1044,29,71,39,98.783104434167,2504679270.0,5107264399.0,0.0,TONCOIN,7.309100112191717,257297477.0,18306951533.0,0.9996,0.9492,0.9643,1.0083,1.1636,5.2609,16,7,7,July,2024
16:14:56,2024-07-07,Toncoin,8,1044,29,71,39,98.783104434167,2504679270.0,5107264399.0,0.0,TONCOIN,7.310988727408503,257453328.0,18311681908.0,0.9998,0.9494,0.9645,1.0086,1.1639,5.2623,16,7,7,July,2024
16:15:21,2024-07-07,Toncoin,8,1044,29,71,39,98.783104434167,2504679270.0,5107264399.0,0.0,TONCOIN,7.309842427770478,257426316.0,18308810795.0,0.9997,0.9493,0.9644,1.0084,1.1638,5.2615,16,7,7,July,2024
16:15:42,2024-07-07,Toncoin,8,1044,29,71,39,98.783104434167,2504679270.0,5107264399.0,0.0,TONCOIN,7.309845621173555,257360270.0,18308818794.0,0.9997,0.9493,0.9644,1.0084,1.1638,5.2615,16,7,7,July,2024
16:16:10,2024-07-07,Toncoin,8,1044,29,71,39,98.783104434167,2504679270.0,5107264399.0,0.0,TONCOIN,7.311324359679248,257476526.0,18312522559.0,0.9999,0.9495,0.9646,1.0086,1.164,5.2625,16,7,7,July,2024
16:16:34,2024-07-07,Toncoin,8,1044,29,71,39,98.783104434167,2504679270.0,5107264399.0,0.0,TONCOIN,7.312578227699102,257483194.0,18315663097.0,0.9985,0.9506,0.9643,1.009,1.1675,5.2653,16,7,7,July,2024
16:16:57,2024-07-07,Toncoin,8,1044,29,71,39,98.783104434167,2504679270.0,5107264399.0,0.0,TONCOIN,7.31143542674014,257498393.0,18312800747.0,0.9983,0.9504,0.9641,1.0088,1.1673,5.2645,16,7,7,July,2024
16:17:16,2024-07-07,Toncoin,8,1044,29,71,39,98.783104434167,2504679270.0,5107264399.0,0.0,TONCOIN,7.3106670367440705,257437537.0,18310876176.0,0.9982,0.9503,0.964,1.0087,1.1672,5.2639,16,7,7,July,2024
16:17:38,2024-07-07,Toncoin,8,1044,29,71,39,98.783104434167,2504679270.0,5107264399.0,0.0,TONCOIN,7.310690026352634,257373002.0,18310933758.0,0.9982,0.9503,0.964,1.0087,1.1672,5.264,16,7,7,July,2024
16:18:03,2024-07-07,Toncoin,8,1044,29,71,39,98.783104434167,2504679270.0,5107264399.0,0.0,TONCOIN,7.311237643259275,257326988.0,18312305363.0,0.9983,0.9504,0.9641,1.0088,1.1673,5.2643,16,7,7,July,2024
16:18:23,2024-07-07,Toncoin,8,1044,29,71,39,98.783104434167,2504679270.0,5107264399.0,0.0,TONCOIN,7.311337808170886,257291211.0,18312556244.0,0.9983,0.9504,0.9641,1.0088,1.1673,5.2644,16,7,7,July,2024
16:18:47,2024-07-07,Toncoin,8,1044,29,71,39,98.783104434167,2504679270.0,5107264399.0,0.0,TONCOIN,7.312036989060034,257277730.0,18314307467.0,0.9984,0.9505,0.9642,1.0089,1.1674,5.2649,16,7,7,July,2024
16:19:08,2024-07-07,Toncoin,8,1044,29,71,39,98.783104434167,2504679270.0,5107264399.0,0.0,TONCOIN,7.314394540848321,257444517.0,18320212379.0,0.9987,0.9508,0.9645,1.0092,1.1678,5.2666,16,7,7,July,2024
16:19:29,2024-07-07,Toncoin,8,1044,29,71,39,98.783104434167,2504679270.0,5107264399.0,0.0,TONCOIN,7.314520960619039,257381709.0,18320529020.0,0.9988,0.9508,0.9645,1.0092,1.1678,5.2667,16,7,7,July,2024
16:19:52,2024-07-07,Toncoin,8,1044,29,71,39,98.783104434167,2504679270.0,5107264399.0,0.0,TONCOIN,7.3153966988465715,257571584.0,18322722463.0,0.9989,0.9509,0.9646,1.0093,1.168,5.2673,16,7,7,July,2024
16:20:17,2024-07-07,Toncoin,8,1044,29,71,39,98.783104434167,2504679270.0,5107264399.0,0.0,TONCOIN,7.315283238401918,257593361.0,18322438281.0,0.9989,0.9509,0.9646,1.0093,1.168,5.2673,16,7,7,July,2024
16:20:43,2024-07-07,Toncoin,8,1044,29,71,39,98.783104434167,2504679270.0,5107264399.0,0.0,TONCOIN,7.315235311465458,257525012.0,18322318239.0,0.9998,0.9513,0.9639,1.0046,1.1681,5.2675,16,7,7,July,2024
16:21:04,2024-07-07,Toncoin,8,1044,29,71,39,98.783104434167,2504679270.0,5107264399.0,0.0,TONCOIN,7.313994113441044,257531904.0,18319209436.0,0.9996,0.9511,0.9637,1.0045,1.1679,5.2666,16,7,7,July,2024
16:21:25,2024-07-07,Toncoin,8,1044,29,71,39,98.783104434167,2504679270.0,5107264399.0,0.0,TONCOIN,7.3135973567085895,257473402.0,18318215688.0,0.9996,0.9511,0.9637,1.0044,1.1678,5.2663,16,7,7,July,2024
16:21:53,2024-07-07,Toncoin,8,1044,29,71,39,98.783104434167,2504679270.0,5107264399.0,0.0,TONCOIN,7.310669022736388,257362764.0,18310881151.0,0.9992,0.9507,0.9633,1.004,1.1674,5.2642,16,7,7,July,2024
16:22:15,2024-07-07,Toncoin,8,1044,29,71,39,98.783104434167,2504679270.0,5107264399.0,0.0,TONCOIN,7.306576992757302,257256007.0,18300631928.0,0.9986,0.9502,0.9627,1.0034,1.1667,5.2613,16,7,7,July,2024
16:22:40,2024-07-07,Toncoin,8,1044,29,71,39,98.783104434167,2504679270.0,5107264399.0,0.0,TONCOIN,7.306330002777551,257184074.0,18300013297.0,0.9986,0.9501,0.9627,1.0034,1.1667,5.2611,16,7,7,July,2024
16:23:02,2024-07-07,Toncoin,8,1044,29,71,39,98.783104434167,2504679270.0,5107264399.0,0.0,TONCOIN,7.3055045362464,257197710.0,18297945768.0,0.9985,0.95,0.9626,1.0033,1.1666,5.2605,16,7,7,July,2024
16:23:26,2024-07-07,Toncoin,8,1044,29,71,39,98.783104434167,2504679270.0,5107264399.0,0.0,TONCOIN,7.305533485945375,257130857.0,18298018278.0,0.9985,0.95,0.9626,1.0033,1.1666,5.2605,16,7,7,July,2024
16:23:46,2024-07-07,Toncoin,8,1044,29,71,39,98.783104434167,2504679270.0,5107264399.0,0.0,TONCOIN,7.305589502934177,257089512.0,18298158583.0,0.9985,0.95,0.9626,1.0033,1.1666,5.2606,16,7,7,July,2024
16:24:06,2024-07-07,Toncoin,8,1044,29,71,39,98.783104434167,2504679270.0,5107264399.0,0.0,TONCOIN,7.310252102396787,257311544.0,18309836899.0,0.9991,0.9506,0.9632,1.0039,1.1673,5.2639,16,7,7,July,2024
16:24:29,2024-07-07,Toncoin,8,1044,29,71,39,98.783104434167,2504679270.0,5107264399.0,0.0,TONCOIN,7.31047019774696,257248057.0,18310383158.0,0.9991,0.9507,0.9632,1.004,1.1673,5.2641,16,7,7,July,2024
16:24:53,2024-07-07,Toncoin,8,1044,29,71,39,98.783104434167,2504679270.0,5107264399.0,0.0,TONCOIN,7.313557863400655,257427383.0,18318116770.0,0.9996,0.9511,0.9637,1.0044,1.1678,5.2663,16,7,7,July,2024
16:25:16,2024-07-07,Toncoin,8,1044,29,71,39,98.783104434167,2504679270.0,5107264399.0,0.0,TONCOIN,7.31696542949507,257571312.0,18326651630.0,1.0,0.9515,0.9641,1.0049,1.1684,5.2687,16,7,7,July,2024
16:25:41,2024-07-07,Toncoin,8,1044,29,71,39,98.783104434167,2504679270.0,5107264399.0,0.0,TONCOIN,7.317057693021156,257534750.0,18326882721.0,1.0,0.9515,0.9641,1.0049,1.1684,5.2688,16,7,7,July,2024
16:26:03,2024-07-07,Toncoin,8,1044,29,71,39,98.783104434167,2504679270.0,5107264399.0,0.0,TONCOIN,7.3171521601995515,257619732.0,18327119331.0,1.0011,0.9511,0.9631,1.0075,1.166,5.2691,16,7,7,July,2024
16:26:37,2024-07-07,Toncoin,8,1044,29,71,39,98.783104434167,2504679270.0,5107264399.0,0.0,TONCOIN,7.3175345120668185,257579156.0,18328076999.0,1.0012,0.9511,0.9632,1.0075,1.1661,5.2694,16,7,7,July,2024
16:27:02,2024-07-07,Toncoin,8,1044,29,71,39,98.783104434167,2504679270.0,5107264399.0,0.0,TONCOIN,7.315519762289705,257564846.0,18323030697.0,1.0009,0.9509,0.9629,1.0072,1.1658,5.268,16,7,7,July,2024
16:27:24,2024-07-07,Toncoin,8,1044,29,71,39,98.783104434167,2504679270.0,5107264399.0,0.0,TONCOIN,7.315519762289705,257564846.0,18323030697.0,1.0009,0.9509,0.9629,1.0072,1.1658,5.268,16,7,7,July,2024
16:28:01,2024-07-07,Toncoin,8,1044,29,71,39,98.783104434167,2504679270.0,5107264399.0,0.0,TONCOIN,7.314801105269954,257546660.0,18321230692.0,1.0008,0.9508,0.9628,1.0071,1.1656,5.2674,16,7,7,July,2024
16:28:26,2024-07-07,Toncoin,8,1044,29,71,39,98.783104434167,2504679270.0,5107264399.0,0.0,TONCOIN,7.315348565198823,257564605.0,18322601904.0,1.0009,0.9508,0.9629,1.0072,1.1657,5.2678,16,7,7,July,2024
16:28:47,2024-07-07,Toncoin,8,1044,29,71,39,98.783104434167,2504679270.0,5107264399.0,0.0,TONCOIN,7.3159478294850535,257569867.0,18324102868.0,1.0009,0.9509,0.963,1.0073,1.1658,5.2683,16,7,7,July,2024
16:29:10,2024-07-07,Toncoin,8,1044,29,71,39,98.783104434167,2504679270.0,5107264399.0,0.0,TONCOIN,7.315452819051313,257587602.0,18322863026.0,1.0009,0.9509,0.9629,1.0072,1.1657,5.2679,16,7,7,July,2024
16:29:43,2024-07-07,Toncoin,8,1044,29,71,39,98.783104434167,2504679270.0,5107264399.0,0.0,TONCOIN,7.315440236768906,257502707.0,18322831511.0,1.0009,0.9509,0.9629,1.0072,1.1657,5.2679,16,7,7,July,2024
16:30:03,2024-07-07,Toncoin,8,1044,29,71,39,98.783104434167,2504679270.0,5107264399.0,0.0,TONCOIN,7.3103844195845324,257291789.0,18310168311.0,1.0002,0.9502,0.9622,1.0065,1.1649,5.2643,16,7,7,July,2024
16:30:48,2024-07-07,Toncoin,8,1044,29,71,39,98.783104434167,2504679270.0,5107264399.0,0.0,TONCOIN,7.30842236681029,257158005.0,18305253998.0,0.9999,0.9499,0.962,1.0062,1.1646,5.2629,16,7,7,July,2024
16:31:18,2024-07-07,Toncoin,8,1044,29,71,39,98.783104434167,2504679270.0,5107264399.0,0.0,TONCOIN,7.302956916729411,257076213.0,18291564799.0,1.0012,0.9467,0.9602,1.0027,1.1618,5.259,16,7,7,July,2024
16:31:40,2024-07-07,Toncoin,8,1044,29,71,39,98.783104434167,2504679270.0,5107264399.0,0.0,TONCOIN,7.303009833954386,256989574.0,18291697339.0,1.0012,0.9467,0.9602,1.0027,1.1618,5.259,16,7,7,July,2024
16:32:04,2024-07-07,Toncoin,8,1044,29,71,39,98.783104434167,2504679270.0,5107264399.0,0.0,TONCOIN,7.308371703804467,257364468.0,18305127103.0,1.0019,0.9474,0.9609,1.0034,1.1627,5.2629,16,7,7,July,2024
16:32:27,2024-07-07,Toncoin,8,1044,29,71,39,98.783104434167,2504679270.0,5107264399.0,0.0,TONCOIN,7.309620188514497,257378452.0,18308254157.0,1.0021,0.9476,0.961,1.0036,1.1629,5.2638,16,7,7,July,2024
16:32:48,2024-07-07,Toncoin,8,1044,29,71,39,98.783104434167,2504679270.0,5107264399.0,0.0,TONCOIN,7.309663498039749,257337092.0,18308362634.0,1.0021,0.9476,0.961,1.0036,1.1629,5.2638,16,7,7,July,2024
16:33:20,2024-07-07,Toncoin,8,1044,29,71,39,98.783104434167,2504679270.0,5107264399.0,0.0,TONCOIN,7.310571498575473,257395747.0,18310636884.0,1.0022,0.9477,0.9612,1.0037,1.163,5.2645,16,7,7,July,2024
16:33:39,2024-07-07,Toncoin,8,1044,29,71,39,98.783104434167,2504679270.0,5107264399.0,0.0,TONCOIN,7.3106316787865415,257332957.0,18310787616.0,1.0022,0.9477,0.9612,1.0037,1.163,5.2645,16,7,7,July,2024
16:33:58,2024-07-07,Toncoin,8,1044,29,71,39,98.783104434167,2504679270.0,5107264399.0,0.0,TONCOIN,7.312228461494031,257475510.0,18314787045.0,1.0024,0.9479,0.9614,1.0039,1.1633,5.2657,16,7,7,July,2024
16:34:20,2024-07-07,Toncoin,8,1044,29,71,39,98.783104434167,2504679270.0,5107264399.0,0.0,TONCOIN,7.312713626649081,257468818.0,18316002228.0,1.0025,0.948,0.9614,1.004,1.1634,5.266,16,7,7,July,2024
16:34:46,2024-07-07,Toncoin,8,1044,29,71,39,98.783104434167,2504679270.0,5107264399.0,0.0,TONCOIN,7.31205922493354,257413367.0,18314363161.0,1.0024,0.9479,0.9614,1.0039,1.1633,5.2655,16,7,7,July,2024
16:35:07,2024-07-07,Toncoin,8,1044,29,71,39,98.783104434167,2504679270.0,5107264399.0,0.0,TONCOIN,7.306613965682637,257281001.0,18300724533.0,1.0017,0.9472,0.9606,1.0032,1.1624,5.2616,16,7,7,July,2024
16:35:30,2024-07-07,Toncoin,8,1044,29,71,39,98.783104434167,2504679270.0,5107264399.0,0.0,TONCOIN,7.30655695560218,257220417.0,18300581741.0,1.0012,0.9475,0.9615,1.0019,1.1567,5.261,16,7,7,July,2024
16:35:53,2024-07-07,Toncoin,8,1044,29,71,39,98.783104434167,2504679270.0,5107264399.0,0.0,TONCOIN,7.305807429984013,257217232.0,18298704420.0,1.0011,0.9474,0.9614,1.0018,1.1565,5.2605,16,7,7,July,2024
16:36:15,2024-07-07,Toncoin,8,1044,29,71,39,98.783104434167,2504679270.0,5107264399.0,0.0,TONCOIN,7.304131107243381,257210678.0,18294505769.0,1.0009,0.9472,0.9612,1.0016,1.1563,5.2593,16,7,7,July,2024
16:36:39,2024-07-07,Toncoin,8,1044,29,71,39,98.783104434167,2504679270.0,5107264399.0,0.0,TONCOIN,7.304101616160783,257147215.0,18294431903.0,1.0009,0.9472,0.9612,1.0016,1.1563,5.2593,16,7,7,July,2024
16:37:00,2024-07-07,Toncoin,8,1044,29,71,39,98.783104434167,2504679270.0,5107264399.0,0.0,TONCOIN,7.303131247965854,257240375.0,18292001442.0,1.0008,0.947,0.961,1.0015,1.1561,5.2586,16,7,7,July,2024
16:37:21,2024-07-07,Toncoin,8,1044,29,71,39,98.783104434167,2504679270.0,5107264399.0,0.0,TONCOIN,7.302577183896581,257181745.0,18290613690.0,1.0007,0.947,0.961,1.0014,1.156,5.2582,16,7,7,July,2024
16:37:49,2024-07-07,Toncoin,8,1044,29,71,39,98.783104434167,2504679270.0,5107264399.0,0.0,TONCOIN,7.301226419989757,257135309.0,18287230459.0,1.0005,0.9468,0.9608,1.0012,1.1558,5.2572,16,7,7,July,2024
16:38:14,2024-07-07,Toncoin,8,1044,29,71,39,98.783104434167,2504679270.0,5107264399.0,0.0,TONCOIN,7.2997759417442625,257101534.0,18283597476.0,1.0003,0.9466,0.9606,1.001,1.1556,5.2561,16,7,7,July,2024
16:38:32,2024-07-07,Toncoin,8,1044,29,71,39,98.783104434167,2504679270.0,5107264399.0,0.0,TONCOIN,7.29973952613811,257078267.0,18283506267.0,1.0003,0.9466,0.9606,1.001,1.1556,5.2561,16,7,7,July,2024
16:38:53,2024-07-07,Toncoin,8,1044,29,71,39,98.783104434167,2504679270.0,5107264399.0,0.0,TONCOIN,7.299600746327988,257023964.0,18283158668.0,1.0003,0.9466,0.9606,1.001,1.1556,5.256,16,7,7,July,2024
16:39:16,2024-07-07,Toncoin,8,1044,29,71,39,98.783104434167,2504679270.0,5107264399.0,0.0,TONCOIN,7.299641349588836,256928028.0,18283260366.0,1.0003,0.9466,0.9606,1.001,1.1556,5.256,16,7,7,July,2024
16:39:37,2024-07-07,Toncoin,8,1044,29,71,39,98.783104434167,2504679270.0,5107264399.0,0.0,TONCOIN,7.29969837683985,256853885.0,18283403201.0,1.0003,0.9466,0.9606,1.001,1.1556,5.2561,16,7,7,July,2024
16:40:04,2024-07-07,Toncoin,8,1044,29,71,39,98.783104434167,2504679270.0,5107264399.0,0.0,TONCOIN,7.297417412342831,256800144.0,18277690117.0,1.0,0.9463,0.9603,1.0007,1.1552,5.2544,16,7,7,July,2024
16:40:24,2024-07-07,Toncoin,8,1044,29,71,39,98.783104434167,2504679270.0,5107264399.0,0.0,TONCOIN,7.296957139460529,256749365.0,18276537281.0,0.9999,0.9462,0.9602,1.0006,1.1551,5.2541,16,7,7,July,2024
16:40:46,2024-07-07,Toncoin,8,1044,29,71,39,98.783104434167,2504679270.0,5107264399.0,0.0,TONCOIN,7.296921713779828,256701820.0,18276448551.0,0.9999,0.9462,0.9602,1.0006,1.1551,5.2541,16,7,7,July,2024
16:41:09,2024-07-07,Toncoin,8,1044,29,71,39,98.783104434167,2504679270.0,5107264399.0,0.0,TONCOIN,7.296947200856,256779767.0,18276512388.0,0.9987,0.9477,0.96,1.0032,1.1564,5.2566,16,7,7,July,2024
16:41:34,2024-07-07,Toncoin,8,1044,29,71,39,98.783104434167,2504679270.0,5107264399.0,0.0,TONCOIN,7.2969432700476595,256712548.0,18276502542.0,0.9987,0.9477,0.96,1.0032,1.1564,5.2566,16,7,7,July,2024
16:42:05,2024-07-07,Toncoin,8,1044,29,71,39,98.783104434167,2504679270.0,5107264399.0,0.0,TONCOIN,7.297290666904266,256751082.0,18277372660.0,0.9987,0.9477,0.96,1.0032,1.1564,5.2569,16,7,7,July,2024
16:42:26,2024-07-07,Toncoin,8,1044,29,71,39,98.783104434167,2504679270.0,5107264399.0,0.0,TONCOIN,7.297147667642148,256682259.0,18277014493.0,0.9987,0.9477,0.96,1.0032,1.1564,5.2568,16,7,7,July,2024
16:42:46,2024-07-07,Toncoin,8,1044,29,71,39,98.783104434167,2504679270.0,5107264399.0,0.0,TONCOIN,7.2966366715672075,256632744.0,18275734611.0,0.9987,0.9477,0.9599,1.0031,1.1563,5.2564,16,7,7,July,2024
16:43:07,2024-07-07,Toncoin,8,1044,29,71,39,98.783104434167,2504679270.0,5107264399.0,0.0,TONCOIN,7.295640207945007,256633141.0,18273238790.0,0.9985,0.9475,0.9598,1.003,1.1561,5.2557,16,7,7,July,2024
16:43:28,2024-07-07,Toncoin,8,1044,29,71,39,98.783104434167,2504679270.0,5107264399.0,0.0,TONCOIN,7.295625302478824,256559584.0,18273201456.0,0.9985,0.9475,0.9598,1.003,1.1561,5.2557,16,7,7,July,2024
16:43:50,2024-07-07,Toncoin,8,1044,29,71,39,98.783104434167,2504679270.0,5107264399.0,0.0,TONCOIN,7.294152267555733,256624863.0,18269511976.0,0.9983,0.9473,0.9596,1.0028,1.1559,5.2546,16,7,7,July,2024
16:44:13,2024-07-07,Toncoin,8,1044,29,71,39,98.783104434167,2504679270.0,5107264399.0,0.0,TONCOIN,7.294471134615341,256648165.0,18270310636.0,0.9984,0.9474,0.9596,1.0028,1.156,5.2548,16,7,7,July,2024
16:44:41,2024-07-07,Toncoin,8,1044,29,71,39,98.783104434167,2506084315.0,5108669469.0,0.0,TONCOIN,7.2945210060398225,256571770.0,18280684678.0,0.9984,0.9474,0.9596,1.0028,1.156,5.2549,16,7,7,July,2024
16:44:55,2024-07-07,Toncoin,8,1044,29,71,39,98.783104434167,2506084315.0,5108669469.0,0.0,TONCOIN,7.295377209828704,256552501.0,18282830397.0,0.9985,0.9475,0.9598,1.003,1.1561,5.2555,16,7,7,July,2024
16:45:22,2024-07-07,Toncoin,8,1044,29,71,39,98.783104434167,2506084315.0,5108669469.0,0.0,TONCOIN,7.296895939870263,256568629.0,18286636463.0,0.9987,0.9477,0.96,1.0032,1.1563,5.2566,16,7,7,July,2024
16:45:42,2024-07-07,Toncoin,8,1044,29,71,39,98.783104434167,2506084315.0,5108669469.0,0.0,TONCOIN,7.2969539308984315,256530197.0,18286781793.0,0.9987,0.9477,0.96,1.0032,1.1564,5.2566,16,7,7,July,2024
16:46:02,2024-07-07,Toncoin,8,1044,29,71,39,98.783104434167,2506084315.0,5108669469.0,0.0,TONCOIN,7.297768901762606,256531959.0,18288824179.0,0.9995,0.949,0.959,1.0017,1.1569,5.2567,16,7,7,July,2024
16:46:25,2024-07-07,Toncoin,8,1044,29,71,39,98.783104434167,2506084315.0,5108669469.0,0.0,TONCOIN,7.298088447620337,256472482.0,18289624988.0,0.9995,0.9491,0.959,1.0017,1.157,5.257,16,7,7,July,2024
16:46:48,2024-07-07,Toncoin,8,1044,29,71,39,98.783104434167,2506084315.0,5108669469.0,0.0,TONCOIN,7.297160231889637,256372505.0,18287298801.0,0.9994,0.949,0.9589,1.0016,1.1568,5.2563,16,7,7,July,2024
16:47:08,2024-07-07,Toncoin,8,1044,29,71,39,98.783104434167,2506084315.0,5108669469.0,0.0,TONCOIN,7.295002280305369,256343851.0,18281890792.0,0.9991,0.9487,0.9586,1.0013,1.1565,5.2548,16,7,7,July,2024
16:47:32,2024-07-07,Toncoin,8,1044,29,71,39,98.783104434167,2506084315.0,5108669469.0,0.0,TONCOIN,7.295285644829955,256282549.0,18282600927.0,0.9992,0.9487,0.9587,1.0013,1.1565,5.255,16,7,7,July,2024
