Time,Date,Name,Rank,Age,Exchanges,Markets,Pairs,All_Time_High,Circulating_Supply,Total_Supply,Max_Supply,Code,Rate,Volume,Cap,Delta_Hour_Change,Delta_Day_Change,Delta_Week_Change,Delta_Month_Change,Delta_Quarter_Change,Delta_Year_Change,Hour,Day,Month_Number,Month_Name,Year
15:46:50,2024-07-06,Toncoin,8,1043,28,69,38,98.783104434167,2506032690.0,5108617579.0,,TONCOIN,7.709454469198144,345383172.0,19320144921.0,1.0087,1.0702,1.0112,1.0486,1.4186,5.6114,15,6,7,July,2024
15:48:45,2024-07-06,Toncoin,8,1043,28,69,38,98.783104434167,2506032690.0,5108617579.0,,TONCOIN,7.707958449419705,345714911.0,19316395847.0,1.0085,1.07,1.011,1.0484,1.4183,5.6103,15,6,7,July,2024
17:36:12,2024-07-06,Toncoin,8,1043,28,69,38,98.783104434167,2506039110.0,5108624045.0,0.0,TONCOIN,7.680676810867836,327683082.0,19248076479.0,0.996,1.0658,1.0036,1.0404,1.4073,5.5945,17,6,7,July,2024
18:09:08,2024-07-06,Toncoin,8,1043,29,70,38,98.783104434167,2506039110.0,5108624045.0,0.0,TONCOIN,7.653947945575923,325591016.0,19181092897.0,0.9938,1.062,1.0028,1.0372,1.414,5.5785,18,6,7,July,2024
18:11:21,2024-07-06,Toncoin,8,1043,29,70,38,98.783104434167,2506039110.0,5108624045.0,0.0,TONCOIN,7.655470854318239,325812755.0,19184909366.0,0.9951,1.0607,1.0024,1.0359,1.4123,5.5745,18,6,7,July,2024
00:54:05,2024-07-07,Toncoin,8,1044,29,69,37,98.783104434167,2506052633.0,5108637595.0,0.0,TONCOIN,7.491722398124093,304621613.0,18774650641.0,0.9962,1.0186,0.9791,0.9676,1.3735,5.4077,0,7,7,July,2024
01:04:11,2024-07-07,Toncoin,8,1044,29,69,37,98.783104434167,2506052633.0,5108637595.0,0.0,TONCOIN,7.495894003850953,297332647.0,18785104905.0,0.9966,1.0216,0.977,0.9744,1.3697,5.4165,1,7,7,July,2024
01:05:23,2024-07-07,Toncoin,8,1044,29,69,37,98.783104434167,2506052633.0,5108637595.0,0.0,TONCOIN,7.498142074866695,297280298.0,18790738689.0,0.9969,1.0219,0.9773,0.9746,1.3702,5.4182,1,7,7,July,2024
01:05:43,2024-07-07,Toncoin,8,1044,29,69,37,98.783104434167,2506052633.0,5108637595.0,0.0,TONCOIN,7.497297942045533,297190488.0,18788623248.0,0.9968,1.0218,0.9772,0.9745,1.37,5.4175,1,7,7,July,2024
01:06:06,2024-07-07,Toncoin,8,1044,29,69,37,98.783104434167,2506052633.0,5108637595.0,0.0,TONCOIN,7.497205708932123,297070036.0,18788392107.0,0.9973,1.0226,0.9772,0.9799,1.371,5.4176,1,7,7,July,2024
01:06:30,2024-07-07,Toncoin,8,1044,29,69,37,98.783104434167,2506052633.0,5108637595.0,0.0,TONCOIN,7.488524741944978,296811998.0,18766637146.0,0.9962,1.0214,0.976,0.9788,1.3694,5.4113,1,7,7,July,2024
01:06:51,2024-07-07,Toncoin,8,1044,29,69,37,98.783104434167,2506052633.0,5108637595.0,0.0,TONCOIN,7.483786728254979,296673721.0,18754763435.0,0.9955,1.0207,0.9754,0.9782,1.3685,5.4079,1,7,7,July,2024
01:07:15,2024-07-07,Toncoin,8,1044,29,69,37,98.783104434167,2506052633.0,5108637595.0,0.0,TONCOIN,7.475702658325909,296515190.0,18734504330.0,0.9945,1.0196,0.9744,0.9771,1.367,5.4021,1,7,7,July,2024
01:07:36,2024-07-07,Toncoin,8,1044,29,69,37,98.783104434167,2506052633.0,5108637595.0,0.0,TONCOIN,7.4728936043997845,296462804.0,18727464693.0,0.9941,1.0192,0.974,0.9768,1.3665,5.4,1,7,7,July,2024
01:08:00,2024-07-07,Toncoin,8,1044,29,69,37,98.783104434167,2506052633.0,5108637595.0,0.0,TONCOIN,7.471927665256806,296375449.0,18725043999.0,0.994,1.0191,0.9739,0.9766,1.3663,5.3993,1,7,7,July,2024
01:08:20,2024-07-07,Toncoin,8,1044,29,69,37,98.783104434167,2506052633.0,5108637595.0,0.0,TONCOIN,7.46913317765713,296287351.0,18718040866.0,0.9936,1.0187,0.9735,0.9763,1.3658,5.3973,1,7,7,July,2024
01:08:44,2024-07-07,Toncoin,8,1044,29,69,37,98.783104434167,2506052633.0,5108637595.0,0.0,TONCOIN,7.465168556569926,296335143.0,18708105316.0,0.9931,1.0182,0.973,0.9758,1.3651,5.3945,1,7,7,July,2024
01:09:07,2024-07-07,Toncoin,8,1044,29,69,37,98.783104434167,2506052633.0,5108637595.0,0.0,TONCOIN,7.467455251857422,296376435.0,18713835895.0,0.9934,1.0185,0.9733,0.9761,1.3655,5.3961,1,7,7,July,2024
01:09:30,2024-07-07,Toncoin,8,1044,29,69,37,98.783104434167,2506052633.0,5108637595.0,0.0,TONCOIN,7.471129058399844,296545733.0,18723042648.0,0.9939,1.019,0.9738,0.9765,1.3662,5.3988,1,7,7,July,2024
01:10:04,2024-07-07,Toncoin,8,1044,29,69,37,98.783104434167,2506052633.0,5108637595.0,0.0,TONCOIN,7.471022469034626,296589639.0,18722775529.0,0.9938,1.019,0.9737,0.9765,1.3662,5.3987,1,7,7,July,2024
01:11:21,2024-07-07,Toncoin,8,1044,29,69,37,98.783104434167,2506052633.0,5108637595.0,0.0,TONCOIN,7.481893513639576,297168428.0,18750018939.0,0.9945,1.019,0.976,0.9757,1.3677,5.4146,1,7,7,July,2024
01:11:44,2024-07-07,Toncoin,8,1044,29,69,37,98.783104434167,2506052633.0,5108637595.0,0.0,TONCOIN,7.482624145312301,297151792.0,18751849941.0,0.9946,1.0191,0.9761,0.9758,1.3678,5.4152,1,7,7,July,2024
01:12:02,2024-07-07,Toncoin,8,1044,29,69,37,98.783104434167,2506052633.0,5108637595.0,0.0,TONCOIN,7.48412024343821,297189998.0,18755599241.0,0.9948,1.0193,0.9763,0.976,1.3681,5.4162,1,7,7,July,2024
01:12:25,2024-07-07,Toncoin,8,1044,29,69,37,98.783104434167,2506052633.0,5108637595.0,0.0,TONCOIN,7.48974080722516,297550212.0,18769684670.0,0.9956,1.0201,0.977,0.9767,1.3691,5.4203,1,7,7,July,2024
01:12:49,2024-07-07,Toncoin,8,1044,29,69,37,98.783104434167,2506052633.0,5108637595.0,0.0,TONCOIN,7.49008229992805,297671388.0,18770540469.0,0.9956,1.0202,0.9771,0.9767,1.3691,5.4206,1,7,7,July,2024
01:13:17,2024-07-07,Toncoin,8,1044,29,69,37,98.783104434167,2506052633.0,5108637595.0,0.0,TONCOIN,7.494535197334836,298009027.0,18781699664.0,0.9962,1.0208,0.9776,0.9773,1.37,5.4238,1,7,7,July,2024
01:13:59,2024-07-07,Toncoin,8,1044,29,69,37,98.783104434167,2506052633.0,5108637595.0,0.0,TONCOIN,7.49708835630793,298097729.0,18788098015.0,0.9965,1.0211,0.978,0.9777,1.3704,5.4256,1,7,7,July,2024
01:14:22,2024-07-07,Toncoin,8,1044,29,69,37,98.783104434167,2506052633.0,5108637595.0,0.0,TONCOIN,7.505731826911511,298432829.0,18809759007.0,0.9977,1.0223,0.9791,0.9788,1.372,5.4319,1,7,7,July,2024
01:14:43,2024-07-07,Toncoin,8,1044,29,69,37,98.783104434167,2506052633.0,5108637595.0,0.0,TONCOIN,7.507045290815407,298463479.0,18813050617.0,0.9979,1.0225,0.9793,0.979,1.3722,5.4328,1,7,7,July,2024
01:15:06,2024-07-07,Toncoin,8,1044,29,69,37,98.783104434167,2506052633.0,5108637595.0,0.0,TONCOIN,7.508185389402001,298656797.0,18815907764.0,0.998,1.0226,0.9794,0.9791,1.3725,5.4337,1,7,7,July,2024
01:16:38,2024-07-07,Toncoin,8,1044,29,69,37,98.783104434167,2506052633.0,5108637595.0,0.0,TONCOIN,7.5101423049896825,298472635.0,18820811897.0,0.9983,1.0204,0.9785,0.9799,1.3701,5.437,1,7,7,July,2024
01:17:00,2024-07-07,Toncoin,8,1044,29,69,37,98.783104434167,2506052633.0,5108637595.0,0.0,TONCOIN,7.510420313529831,298408083.0,18821508601.0,0.9984,1.0204,0.9785,0.9799,1.3701,5.4372,1,7,7,July,2024
01:17:23,2024-07-07,Toncoin,8,1044,29,69,37,98.783104434167,2506052633.0,5108637595.0,0.0,TONCOIN,7.516259832297395,298852134.0,18836142743.0,0.9991,1.0212,0.9793,0.9807,1.3712,5.4415,1,7,7,July,2024
01:17:46,2024-07-07,Toncoin,8,1044,29,69,37,98.783104434167,2506052633.0,5108637595.0,0.0,TONCOIN,7.518164351613039,298926526.0,18840915568.0,0.9994,1.0215,0.9795,0.9809,1.3716,5.4428,1,7,7,July,2024
01:18:27,2024-07-07,Toncoin,8,1044,29,69,37,98.783104434167,2506052633.0,5108637595.0,0.0,TONCOIN,7.518061525806629,299076363.0,18840657881.0,0.9994,1.0215,0.9795,0.9809,1.3715,5.4428,1,7,7,July,2024
01:20:04,2024-07-07,Toncoin,8,1044,29,69,37,98.783104434167,2506052633.0,5108637595.0,0.0,TONCOIN,7.5185598989367195,299143228.0,18841906831.0,0.9995,1.0216,0.9795,0.981,1.3716,5.4431,1,7,7,July,2024
01:30:09,2024-07-07,Toncoin,8,1044,29,69,37,98.783104434167,2506052633.0,5108637595.0,0.0,TONCOIN,7.5185598989367195,299143228.0,18841906831.0,0.9995,1.0216,0.9795,0.981,1.3716,5.4431,1,7,7,July,2024
01:30:42,2024-07-07,Toncoin,8,1044,29,69,37,98.783104434167,2506052633.0,5108637595.0,0.0,TONCOIN,7.5111939316210545,293559772.0,18823447329.0,0.9974,1.014,0.981,0.9838,1.3677,5.4326,1,7,7,July,2024
01:31:02,2024-07-07,Toncoin,8,1044,29,69,37,98.783104434167,2506052633.0,5108637595.0,0.0,TONCOIN,7.5111939316210545,293559772.0,18823447329.0,0.9974,1.014,0.981,0.9838,1.3677,5.4326,1,7,7,July,2024
01:31:24,2024-07-07,Toncoin,8,1044,29,69,37,98.783104434167,2506052633.0,5108637595.0,0.0,TONCOIN,7.5146514570329614,293598140.0,18832112069.0,0.9956,1.0122,0.9802,0.9819,1.3684,5.4297,1,7,7,July,2024
01:31:58,2024-07-07,Toncoin,8,1044,29,69,37,98.783104434167,2506052633.0,5108637595.0,0.0,TONCOIN,7.515289725172219,293489559.0,18833711603.0,0.9957,1.0123,0.9802,0.982,1.3686,5.4302,1,7,7,July,2024
01:32:41,2024-07-07,Toncoin,8,1044,29,69,37,98.783104434167,2506052633.0,5108637595.0,0.0,TONCOIN,7.519548278573014,293568186.0,18844383762.0,0.9963,1.0129,0.9808,0.9826,1.3693,5.4332,1,7,7,July,2024
01:44:42,2024-07-07,Toncoin,8,1044,29,69,37,98.783104434167,2506058261.0,5108643275.0,0.0,TONCOIN,7.507781017660764,289997874.0,18814936641.0,0.9993,1.0058,0.9778,0.9841,1.3652,5.4224,1,7,7,July,2024
01:44:51,2024-07-07,Toncoin,8,1044,29,69,37,98.783104434167,2506058261.0,5108643275.0,0.0,TONCOIN,7.510580253443176,289756618.0,18821951689.0,0.9997,1.0062,0.9781,0.9845,1.3657,5.4244,1,7,7,July,2024
01:44:59,2024-07-07,Toncoin,8,1044,29,69,37,98.783104434167,2506058261.0,5108643275.0,0.0,TONCOIN,7.510647471412382,289702021.0,18822120141.0,0.9997,1.0062,0.9782,0.9845,1.3657,5.4245,1,7,7,July,2024
01:46:37,2024-07-07,Toncoin,8,1044,29,69,37,98.783104434167,2506058261.0,5108643275.0,0.0,TONCOIN,7.506821810016138,289108717.0,18812532810.0,1.0013,1.0084,0.9782,0.9816,1.3649,5.4232,1,7,7,July,2024
01:47:00,2024-07-07,Toncoin,8,1044,29,69,37,98.783104434167,2506058261.0,5108643275.0,0.0,TONCOIN,7.506275718702942,289031135.0,18811164274.0,1.0012,1.0083,0.9781,0.9815,1.3648,5.4229,1,7,7,July,2024
01:47:23,2024-07-07,Toncoin,8,1044,29,69,37,98.783104434167,2506058261.0,5108643275.0,0.0,TONCOIN,7.504409268702026,288946766.0,18806486841.0,1.001,1.0081,0.9778,0.9813,1.3644,5.4215,1,7,7,July,2024
01:47:43,2024-07-07,Toncoin,8,1044,29,69,37,98.783104434167,2506058261.0,5108643275.0,0.0,TONCOIN,7.50376998877655,288878662.0,18804884769.0,1.0009,1.008,0.9778,0.9812,1.3643,5.421,1,7,7,July,2024
01:48:15,2024-07-07,Toncoin,8,1044,29,69,37,98.783104434167,2506058261.0,5108643275.0,0.0,TONCOIN,7.5020158619173305,288722782.0,18800488824.0,1.0006,1.0078,0.9775,0.981,1.364,5.4198,1,7,7,July,2024
01:49:54,2024-07-07,Toncoin,8,1044,29,69,37,98.783104434167,2506058261.0,5108643275.0,0.0,TONCOIN,7.501989582408687,288563254.0,18800422966.0,1.0006,1.0078,0.9775,0.981,1.364,5.4198,1,7,7,July,2024
01:50:18,2024-07-07,Toncoin,8,1044,29,69,37,98.783104434167,2506058261.0,5108643275.0,0.0,TONCOIN,7.501094367228275,288491352.0,18798179505.0,1.0005,1.0076,0.9774,0.9809,1.3638,5.4191,1,7,7,July,2024
01:50:39,2024-07-07,Toncoin,8,1044,29,69,37,98.783104434167,2506058261.0,5108643275.0,0.0,TONCOIN,7.500845395377456,288437012.0,18797555567.0,1.0005,1.0076,0.9774,0.9808,1.3638,5.4189,1,7,7,July,2024
01:51:02,2024-07-07,Toncoin,8,1044,29,69,37,98.783104434167,2506058261.0,5108643275.0,0.0,TONCOIN,7.500380384487599,288346704.0,18796390223.0,1.0004,1.0075,0.9773,0.9808,1.3637,5.4186,1,7,7,July,2024
01:51:24,2024-07-07,Toncoin,8,1044,29,69,37,98.783104434167,2506058261.0,5108643275.0,0.0,TONCOIN,7.508053042494179,288779073.0,18815618351.0,1.0002,1.0061,0.9765,0.9802,1.3673,5.4208,1,7,7,July,2024
01:51:46,2024-07-07,Toncoin,8,1044,29,69,37,98.783104434167,2506058261.0,5108643275.0,0.0,TONCOIN,7.508381027274477,288735070.0,18816440300.0,1.0003,1.0061,0.9766,0.9802,1.3673,5.421,1,7,7,July,2024
01:52:08,2024-07-07,Toncoin,8,1044,29,69,37,98.783104434167,2506058261.0,5108643275.0,0.0,TONCOIN,7.5090551208536525,288700100.0,18818129617.0,1.0004,1.0062,0.9767,0.9803,1.3674,5.4215,1,7,7,July,2024
01:52:36,2024-07-07,Toncoin,8,1044,29,69,37,98.783104434167,2506058261.0,5108643275.0,0.0,TONCOIN,7.509382248169723,288729426.0,18818949418.0,1.0004,1.0063,0.9767,0.9803,1.3675,5.4217,1,7,7,July,2024
01:53:08,2024-07-07,Toncoin,8,1044,29,69,37,98.783104434167,2506058261.0,5108643275.0,0.0,TONCOIN,7.510640566129147,288668278.0,18822102836.0,1.0006,1.0064,0.9769,0.9805,1.3677,5.4226,1,7,7,July,2024
01:53:57,2024-07-07,Toncoin,8,1044,29,69,37,98.783104434167,2506058261.0,5108643275.0,0.0,TONCOIN,7.510398313729783,288671811.0,18821495737.0,1.0005,1.0064,0.9768,0.9805,1.3677,5.4225,1,7,7,July,2024
01:55:18,2024-07-07,Toncoin,8,1044,29,69,37,98.783104434167,2506058261.0,5108643275.0,0.0,TONCOIN,7.510478050657939,288595165.0,18821695562.0,1.0006,1.0064,0.9768,0.9805,1.3677,5.4225,1,7,7,July,2024
01:55:50,2024-07-07,Toncoin,8,1044,29,69,37,98.783104434167,2506058261.0,5108643275.0,0.0,TONCOIN,7.510354163116819,288489138.0,18821385093.0,1.0027,1.0076,0.9763,0.9803,1.3628,5.4252,1,7,7,July,2024
01:56:13,2024-07-07,Toncoin,8,1044,29,69,37,98.783104434167,2506058261.0,5108643275.0,0.0,TONCOIN,7.51118017650911,288593487.0,18823455131.0,1.0028,1.0077,0.9765,0.9804,1.3629,5.4257,1,7,7,July,2024
01:56:34,2024-07-07,Toncoin,8,1044,29,69,37,98.783104434167,2506058261.0,5108643275.0,0.0,TONCOIN,7.512842968890594,288495620.0,18827622185.0,1.003,1.008,0.9767,0.9806,1.3632,5.427,1,7,7,July,2024
01:56:57,2024-07-07,Toncoin,8,1044,29,69,37,98.783104434167,2506058261.0,5108643275.0,0.0,TONCOIN,7.512996588740902,288437901.0,18828007166.0,1.003,1.008,0.9767,0.9806,1.3633,5.4271,1,7,7,July,2024
01:57:21,2024-07-07,Toncoin,8,1044,29,69,37,98.783104434167,2506058261.0,5108643275.0,0.0,TONCOIN,7.515798225019949,288521367.0,18835028229.0,1.0034,1.0084,0.9771,0.981,1.3638,5.4291,1,7,7,July,2024
01:57:45,2024-07-07,Toncoin,8,1044,29,69,37,98.783104434167,2506058261.0,5108643275.0,0.0,TONCOIN,7.515597142071746,288480048.0,18834524304.0,1.0034,1.0083,0.977,0.9809,1.3637,5.4289,1,7,7,July,2024
01:58:09,2024-07-07,Toncoin,8,1044,29,69,37,98.783104434167,2506058261.0,5108643275.0,0.0,TONCOIN,7.516068191892603,288487393.0,18835704782.0,1.0034,1.0084,0.9771,0.981,1.3638,5.4293,1,7,7,July,2024
01:58:28,2024-07-07,Toncoin,8,1044,29,69,37,98.783104434167,2506058261.0,5108643275.0,0.0,TONCOIN,7.517527605304264,288425461.0,18839362157.0,1.0036,1.0086,0.9773,0.9812,1.3641,5.4303,1,7,7,July,2024
01:58:51,2024-07-07,Toncoin,8,1044,29,69,37,98.783104434167,2506058261.0,5108643275.0,0.0,TONCOIN,7.517674704553237,288392973.0,18839730796.0,1.0037,1.0086,0.9773,0.9812,1.3641,5.4304,1,7,7,July,2024
01:59:10,2024-07-07,Toncoin,8,1044,29,69,37,98.783104434167,2506058261.0,5108643275.0,0.0,TONCOIN,7.517675102051354,288367297.0,18839731793.0,1.0037,1.0086,0.9773,0.9812,1.3641,5.4304,1,7,7,July,2024
01:59:30,2024-07-07,Toncoin,8,1044,29,69,37,98.783104434167,2506058261.0,5108643275.0,0.0,TONCOIN,7.5191705417486725,288396339.0,18843479452.0,1.0039,1.0088,0.9775,0.9814,1.3644,5.4315,1,7,7,July,2024
02:00:02,2024-07-07,Toncoin,8,1044,29,69,37,98.783104434167,2506058261.0,5108643275.0,0.0,TONCOIN,7.518190179199195,288321049.0,18841022606.0,1.0037,1.0087,0.9774,0.9813,1.3642,5.4308,2,7,7,July,2024
02:00:27,2024-07-07,Toncoin,8,1044,29,69,37,98.783104434167,2506058261.0,5108643275.0,0.0,TONCOIN,7.518322429139321,288307491.0,18841354032.0,1.0037,1.0087,0.9774,0.9813,1.3642,5.4309,2,7,7,July,2024
02:00:52,2024-07-07,Toncoin,8,1044,29,69,37,98.783104434167,2506058261.0,5108643275.0,0.0,TONCOIN,7.519608782142015,287539132.0,18844577707.0,1.0043,1.0102,0.9783,0.9778,1.365,5.43,2,7,7,July,2024
02:01:15,2024-07-07,Toncoin,8,1044,29,69,37,98.783104434167,2506058261.0,5108643275.0,0.0,TONCOIN,7.522645169100265,282441418.0,18852187070.0,1.0047,1.0106,0.9787,0.9782,1.3655,5.4322,2,7,7,July,2024
11:27:53,2024-07-07,Toncoin,8,1044,29,69,37,98.783104434167,2506071274.0,5108656342.0,0.0,TONCOIN,7.337640802655781,266313471.0,18388650834.0,1.0119,0.9643,0.9612,0.9712,1.2358,5.2943,11,7,7,July,2024
11:28:11,2024-07-07,Toncoin,8,1044,29,69,37,98.783104434167,2506071274.0,5108656342.0,0.0,TONCOIN,7.339359195787674,266359335.0,18392957250.0,1.0121,0.9645,0.9615,0.9715,1.2361,5.2956,11,7,7,July,2024
11:28:41,2024-07-07,Toncoin,8,1044,29,69,37,98.783104434167,2506071274.0,5108656342.0,0.0,TONCOIN,7.340833418893207,266472691.0,18396651758.0,1.0123,0.9647,0.9617,0.9717,1.2363,5.2966,11,7,7,July,2024
11:29:01,2024-07-07,Toncoin,8,1044,29,69,37,98.783104434167,2506071274.0,5108656342.0,0.0,TONCOIN,7.346235658197315,266501494.0,18410190155.0,1.0131,0.9654,0.9624,0.9724,1.2372,5.3005,11,7,7,July,2024
11:30:35,2024-07-07,Toncoin,8,1044,29,70,38,98.783104434167,2506071274.0,5108656342.0,0.0,TONCOIN,7.348571033739375,266766085.0,18416042772.0,1.0134,0.9657,0.9627,0.9727,1.2376,5.3022,11,7,7,July,2024
11:30:59,2024-07-07,Toncoin,8,1044,29,70,38,98.783104434167,2506071274.0,5108656342.0,0.0,TONCOIN,7.348060570542834,266719714.0,18414763515.0,1.0133,0.9656,0.9626,0.9726,1.2375,5.3018,11,7,7,July,2024
11:31:20,2024-07-07,Toncoin,8,1044,29,70,38,98.783104434167,2506071274.0,5108656342.0,0.0,TONCOIN,7.347737893819646,266672045.0,18413954864.0,1.0087,0.9667,0.9646,0.9763,1.2428,5.3018,11,7,7,July,2024
11:31:42,2024-07-07,Toncoin,8,1044,29,70,38,98.783104434167,2506071274.0,5108656342.0,0.0,TONCOIN,7.345606866196533,266629292.0,18408614357.0,1.0084,0.9664,0.9643,0.976,1.2425,5.3002,11,7,7,July,2024
11:32:04,2024-07-07,Toncoin,8,1044,29,70,38,98.783104434167,2506071274.0,5108656342.0,0.0,TONCOIN,7.340005939843205,266486839.0,18394578036.0,1.0076,0.9656,0.9636,0.9753,1.2415,5.2962,11,7,7,July,2024
11:32:28,2024-07-07,Toncoin,8,1044,29,70,38,98.783104434167,2506071274.0,5108656342.0,0.0,TONCOIN,7.330401317947922,266169677.0,18370508169.0,1.0063,0.9644,0.9624,0.974,1.2399,5.2893,11,7,7,July,2024
11:32:50,2024-07-07,Toncoin,8,1044,29,70,38,98.783104434167,2506071274.0,5108656342.0,0.0,TONCOIN,7.328707860836184,266089463.0,18366264245.0,1.0061,0.9642,0.9621,0.9738,1.2396,5.288,11,7,7,July,2024
11:33:11,2024-07-07,Toncoin,8,1044,29,70,38,98.783104434167,2506071274.0,5108656342.0,0.0,TONCOIN,7.328624838945005,266049549.0,18366056186.0,1.0061,0.9641,0.9621,0.9737,1.2396,5.288,11,7,7,July,2024
11:33:35,2024-07-07,Toncoin,8,1044,29,70,38,98.783104434167,2506071274.0,5108656342.0,0.0,TONCOIN,7.33031271872497,266163837.0,18370286133.0,1.0063,0.9644,0.9623,0.974,1.2399,5.2892,11,7,7,July,2024
11:33:54,2024-07-07,Toncoin,8,1044,29,70,38,98.783104434167,2506071274.0,5108656342.0,0.0,TONCOIN,7.330728802647555,266187432.0,18371328869.0,1.0064,0.9644,0.9624,0.974,1.24,5.2895,11,7,7,July,2024
11:34:15,2024-07-07,Toncoin,8,1044,29,70,38,98.783104434167,2506071274.0,5108656342.0,0.0,TONCOIN,7.33094446299887,266140635.0,18371869330.0,1.0064,0.9644,0.9624,0.9741,1.24,5.2897,11,7,7,July,2024
11:34:41,2024-07-07,Toncoin,8,1044,29,70,38,98.783104434167,2506071274.0,5108656342.0,0.0,TONCOIN,7.332595652770703,266207856.0,18376007329.0,1.0066,0.9647,0.9626,0.9743,1.2403,5.2908,11,7,7,July,2024
11:35:02,2024-07-07,Toncoin,8,1044,29,70,38,98.783104434167,2506071274.0,5108656342.0,0.0,TONCOIN,7.331770821125569,266135915.0,18373940242.0,1.0065,0.9646,0.9625,0.9742,1.2401,5.2903,11,7,7,July,2024
11:35:24,2024-07-07,Toncoin,8,1044,29,70,38,98.783104434167,2506071274.0,5108656342.0,0.0,TONCOIN,7.328622915111953,265956366.0,18366051365.0,1.0014,0.9629,0.9625,0.9714,1.2409,5.2845,11,7,7,July,2024
11:35:45,2024-07-07,Toncoin,8,1044,29,70,38,98.783104434167,2506071274.0,5108656342.0,0.0,TONCOIN,7.327019512106242,265894771.0,18362033123.0,1.0012,0.9627,0.9623,0.9712,1.2406,5.2833,11,7,7,July,2024
11:36:07,2024-07-07,Toncoin,8,1044,29,70,38,98.783104434167,2506071274.0,5108656342.0,0.0,TONCOIN,7.327652595929529,265985167.0,18363619676.0,1.0012,0.9628,0.9624,0.9713,1.2407,5.2838,11,7,7,July,2024
11:36:28,2024-07-07,Toncoin,8,1044,29,70,38,98.783104434167,2506071274.0,5108656342.0,0.0,TONCOIN,7.327105909349068,265964173.0,18362249640.0,1.0012,0.9627,0.9623,0.9712,1.2406,5.2834,11,7,7,July,2024
11:36:51,2024-07-07,Toncoin,8,1044,29,70,38,98.783104434167,2506071274.0,5108656342.0,0.0,TONCOIN,7.326345307066938,265866140.0,18360343517.0,1.0011,0.9626,0.9622,0.9711,1.2405,5.2828,11,7,7,July,2024
11:37:13,2024-07-07,Toncoin,8,1044,29,70,38,98.783104434167,2506071274.0,5108656342.0,0.0,TONCOIN,7.325345786557744,265818784.0,18357838647.0,1.0009,0.9625,0.9621,0.971,1.2403,5.2821,11,7,7,July,2024
11:37:39,2024-07-07,Toncoin,8,1044,29,70,38,98.783104434167,2506071274.0,5108656342.0,0.0,TONCOIN,7.327131810822399,265888871.0,18362314551.0,1.0012,0.9627,0.9623,0.9712,1.2406,5.2834,11,7,7,July,2024
11:38:01,2024-07-07,Toncoin,8,1044,29,70,38,98.783104434167,2506071274.0,5108656342.0,0.0,TONCOIN,7.328453424416269,265915077.0,18365626609.0,1.0014,0.9629,0.9625,0.9714,1.2408,5.2844,11,7,7,July,2024
11:38:29,2024-07-07,Toncoin,8,1044,29,70,38,98.783104434167,2506071274.0,5108656342.0,0.0,TONCOIN,7.331191975484466,266005832.0,18372489613.0,1.0017,0.9632,0.9629,0.9718,1.2413,5.2863,11,7,7,July,2024
11:39:16,2024-07-07,Toncoin,8,1044,29,70,38,98.783104434167,2506071274.0,5108656342.0,0.0,TONCOIN,7.335961180501652,266177014.0,18384441581.0,1.0024,0.9639,0.9635,0.9724,1.2421,5.2898,11,7,7,July,2024
11:40:26,2024-07-07,Toncoin,8,1044,29,70,38,98.783104434167,2506071274.0,5108656342.0,0.0,TONCOIN,7.332149770679375,266089572.0,18374889916.0,1.0019,0.9634,0.963,0.9719,1.2415,5.287,11,7,7,July,2024
11:40:50,2024-07-07,Toncoin,8,1044,29,70,38,98.783104434167,2506071274.0,5108656342.0,0.0,TONCOIN,7.332326038794478,266038428.0,18375331657.0,1.004,0.9646,0.9632,0.9728,1.2403,5.2816,11,7,7,July,2024
11:41:12,2024-07-07,Toncoin,8,1044,29,70,38,98.783104434167,2506071274.0,5108656342.0,0.0,TONCOIN,7.333821492063782,266047911.0,18379079369.0,1.0042,0.9648,0.9634,0.973,1.2405,5.2827,11,7,7,July,2024
11:41:33,2024-07-07,Toncoin,8,1044,29,70,38,98.783104434167,2506071274.0,5108656342.0,0.0,TONCOIN,7.339886442352296,266350753.0,18394278567.0,1.0051,0.9656,0.9642,0.9738,1.2415,5.287,11,7,7,July,2024
11:41:54,2024-07-07,Toncoin,8,1044,29,70,38,98.783104434167,2506071274.0,5108656342.0,0.0,TONCOIN,7.340967067497617,266354916.0,18396986691.0,1.0052,0.9657,0.9644,0.9739,1.2417,5.2878,11,7,7,July,2024
11:42:17,2024-07-07,Toncoin,8,1044,29,70,38,98.783104434167,2506071274.0,5108656342.0,0.0,TONCOIN,7.3424984132205315,266401031.0,18400824352.0,1.0054,0.9659,0.9646,0.9741,1.242,5.2889,11,7,7,July,2024
11:42:41,2024-07-07,Toncoin,8,1044,29,70,38,98.783104434167,2506071274.0,5108656342.0,0.0,TONCOIN,7.344265915965122,266604507.0,18405253840.0,1.0057,0.9662,0.9648,0.9744,1.2423,5.2902,11,7,7,July,2024
11:43:26,2024-07-07,Toncoin,8,1044,29,70,38,98.783104434167,2506071274.0,5108656342.0,0.0,TONCOIN,7.344906626174767,266684404.0,18406859506.0,1.0058,0.9662,0.9649,0.9744,1.2424,5.2907,11,7,7,July,2024
11:44:32,2024-07-07,Toncoin,8,1044,29,70,38,98.783104434167,2506071274.0,5108656342.0,0.0,TONCOIN,7.344586963498073,266789619.0,18406058408.0,1.0057,0.9662,0.9648,0.9744,1.2423,5.2904,11,7,7,July,2024
11:44:55,2024-07-07,Toncoin,8,1044,29,70,38,98.783104434167,2506071274.0,5108656342.0,0.0,TONCOIN,7.343958725667679,266785972.0,18404483999.0,1.0056,0.9661,0.9648,0.9743,1.2422,5.29,11,7,7,July,2024
11:45:17,2024-07-07,Toncoin,8,1044,29,70,38,98.783104434167,2506071274.0,5108656342.0,0.0,TONCOIN,7.343101642523896,266728292.0,18402336088.0,1.0055,0.966,0.9646,0.9742,1.2421,5.2894,11,7,7,July,2024
11:45:39,2024-07-07,Toncoin,8,1044,29,70,38,98.783104434167,2506071274.0,5108656342.0,0.0,TONCOIN,7.3367354770292295,266627541.0,18386382023.0,1.0046,0.9652,0.9638,0.9734,1.241,5.2848,11,7,7,July,2024
11:46:00,2024-07-07,Toncoin,8,1044,29,70,38,98.783104434167,2506071274.0,5108656342.0,0.0,TONCOIN,7.334010269842145,266492978.0,18379552460.0,1.0043,0.9648,0.9634,0.973,1.2405,5.2828,11,7,7,July,2024
11:46:22,2024-07-07,Toncoin,8,1044,29,70,38,98.783104434167,2506071274.0,5108656342.0,0.0,TONCOIN,7.328379036124596,266331159.0,18365440187.0,1.0034,0.9628,0.9631,0.9703,1.2331,5.2733,11,7,7,July,2024
11:46:42,2024-07-07,Toncoin,8,1044,29,70,38,98.783104434167,2506071274.0,5108656342.0,0.0,TONCOIN,7.32683137558428,266277896.0,18361561639.0,1.0032,0.9626,0.9629,0.9701,1.2329,5.2722,11,7,7,July,2024
11:47:05,2024-07-07,Toncoin,8,1044,29,70,38,98.783104434167,2506071274.0,5108656342.0,0.0,TONCOIN,7.324559545966009,266209975.0,18355868272.0,1.0028,0.9623,0.9626,0.9698,1.2325,5.2705,11,7,7,July,2024
11:47:28,2024-07-07,Toncoin,8,1044,29,70,38,98.783104434167,2506071274.0,5108656342.0,0.0,TONCOIN,7.3227398940551485,266202717.0,18351308095.0,1.0026,0.962,0.9624,0.9696,1.2322,5.2692,11,7,7,July,2024
11:47:50,2024-07-07,Toncoin,8,1044,29,70,38,98.783104434167,2506071274.0,5108656342.0,0.0,TONCOIN,7.322275400583239,266126356.0,18350144041.0,1.0025,0.962,0.9623,0.9695,1.2321,5.2689,11,7,7,July,2024
11:48:27,2024-07-07,Toncoin,8,1044,29,70,38,98.783104434167,2506071274.0,5108656342.0,0.0,TONCOIN,7.323379436831198,266158591.0,18352910835.0,1.0027,0.9621,0.9625,0.9696,1.2323,5.2697,11,7,7,July,2024
11:48:52,2024-07-07,Toncoin,8,1044,29,70,38,98.783104434167,2506071274.0,5108656342.0,0.0,TONCOIN,7.324395759556834,266232151.0,18355457812.0,1.0028,0.9622,0.9626,0.9698,1.2325,5.2704,11,7,7,July,2024
11:49:12,2024-07-07,Toncoin,8,1044,29,70,38,98.783104434167,2506071274.0,5108656342.0,0.0,TONCOIN,7.32314957306405,266204585.0,18352334780.0,1.0026,0.9621,0.9625,0.9696,1.2323,5.2695,11,7,7,July,2024
11:49:47,2024-07-07,Toncoin,8,1044,29,70,38,98.783104434167,2506071274.0,5108656342.0,0.0,TONCOIN,7.314983715200161,266221379.0,18331870558.0,1.0015,0.961,0.9614,0.9685,1.2309,5.2637,11,7,7,July,2024
11:50:24,2024-07-07,Toncoin,8,1044,29,70,38,98.783104434167,2506071274.0,5108656342.0,0.0,TONCOIN,7.311380721519889,266242515.0,18322841199.0,1.001,0.9605,0.9609,0.9681,1.2303,5.2611,11,7,7,July,2024
11:51:44,2024-07-07,Toncoin,8,1044,29,70,38,98.783104434167,2506071274.0,5108656342.0,0.0,TONCOIN,7.300027340056701,265964342.0,18294388816.0,0.9994,0.9589,0.9597,0.9648,1.2223,5.2538,11,7,7,July,2024
11:52:07,2024-07-07,Toncoin,8,1044,29,70,38,98.783104434167,2506071274.0,5108656342.0,0.0,TONCOIN,7.299097780633778,265859880.0,18292059274.0,0.9992,0.9588,0.9595,0.9647,1.2221,5.2532,11,7,7,July,2024
11:52:41,2024-07-07,Toncoin,8,1044,29,70,38,98.783104434167,2506071274.0,5108656342.0,0.0,TONCOIN,7.302940599045318,266071734.0,18301689650.0,0.9998,0.9593,0.9601,0.9652,1.2228,5.2559,11,7,7,July,2024
11:53:21,2024-07-07,Toncoin,8,1044,29,70,38,98.783104434167,2506071274.0,5108656342.0,0.0,TONCOIN,7.304321681580971,266030511.0,18305150742.0,0.9999,0.9595,0.9602,0.9654,1.223,5.2569,11,7,7,July,2024
11:54:29,2024-07-07,Toncoin,8,1044,29,70,38,98.783104434167,2506071274.0,5108656342.0,0.0,TONCOIN,7.307809624944298,266137954.0,18313891776.0,1.0004,0.96,0.9607,0.9658,1.2236,5.2594,11,7,7,July,2024
11:54:51,2024-07-07,Toncoin,8,1044,29,70,38,98.783104434167,2506071274.0,5108656342.0,0.0,TONCOIN,7.307929452640117,266088402.0,18314192073.0,1.0004,0.96,0.9607,0.9659,1.2236,5.2595,11,7,7,July,2024
11:55:15,2024-07-07,Toncoin,8,1044,29,70,38,98.783104434167,2506071274.0,5108656342.0,0.0,TONCOIN,7.308168109082104,266018502.0,18314790163.0,1.0005,0.96,0.9607,0.9659,1.2237,5.2597,11,7,7,July,2024
11:55:40,2024-07-07,Toncoin,8,1044,29,70,38,98.783104434167,2506071274.0,5108656342.0,0.0,TONCOIN,7.30983823483304,266161772.0,18318975617.0,1.0034,0.9624,0.9613,0.9648,1.2169,5.2619,11,7,7,July,2024
11:56:04,2024-07-07,Toncoin,8,1044,29,70,38,98.783104434167,2506071274.0,5108656342.0,0.0,TONCOIN,7.310473313712883,266136048.0,18320567170.0,1.0035,0.9625,0.9614,0.9649,1.217,5.2623,11,7,7,July,2024
11:56:24,2024-07-07,Toncoin,8,1044,29,70,38,98.783104434167,2506071274.0,5108656342.0,0.0,TONCOIN,7.315407688960652,266263854.0,18332933066.0,1.0041,0.9631,0.962,0.9655,1.2178,5.2659,11,7,7,July,2024
11:56:46,2024-07-07,Toncoin,8,1044,29,70,38,98.783104434167,2506071274.0,5108656342.0,0.0,TONCOIN,7.315407688960652,266263854.0,18332933066.0,1.0041,0.9631,0.962,0.9655,1.2178,5.2659,11,7,7,July,2024
11:57:06,2024-07-07,Toncoin,8,1044,29,70,38,98.783104434167,2506071274.0,5108656342.0,0.0,TONCOIN,7.318494075788559,266432936.0,18340667772.0,1.0046,0.9635,0.9624,0.9659,1.2183,5.2681,11,7,7,July,2024
11:57:34,2024-07-07,Toncoin,8,1044,29,70,38,98.783104434167,2506071274.0,5108656342.0,0.0,TONCOIN,7.319646946239409,266496186.0,18343556947.0,1.0047,0.9637,0.9626,0.9661,1.2185,5.2689,11,7,7,July,2024
11:58:01,2024-07-07,Toncoin,8,1044,29,70,38,98.783104434167,2506071274.0,5108656342.0,0.0,TONCOIN,7.320573555682765,266469503.0,18345879097.0,1.0048,0.9638,0.9627,0.9662,1.2186,5.2696,11,7,7,July,2024
11:58:28,2024-07-07,Toncoin,8,1044,29,70,38,98.783104434167,2506071274.0,5108656342.0,0.0,TONCOIN,7.3192342814988445,266422355.0,18342522780.0,1.0047,0.9636,0.9625,0.966,1.2184,5.2686,11,7,7,July,2024
11:58:52,2024-07-07,Toncoin,8,1044,29,70,38,98.783104434167,2506071274.0,5108656342.0,0.0,TONCOIN,7.318928598714978,266387844.0,18341756717.0,1.0046,0.9636,0.9625,0.966,1.2184,5.2684,11,7,7,July,2024
11:59:16,2024-07-07,Toncoin,8,1044,29,70,38,98.783104434167,2506071274.0,5108656342.0,0.0,TONCOIN,7.318908150395165,266361233.0,18341705472.0,1.0046,0.9636,0.9625,0.966,1.2184,5.2684,11,7,7,July,2024
12:00:57,2024-07-07,Toncoin,8,1044,29,70,38,98.783104434167,2506071274.0,5108656342.0,0.0,TONCOIN,7.314272429912741,266040490.0,18330088026.0,1.0035,0.9634,0.9623,0.9656,1.2175,5.2608,12,7,7,July,2024
12:01:26,2024-07-07,Toncoin,8,1044,29,70,38,98.783104434167,2506071274.0,5108656342.0,0.0,TONCOIN,7.312339513265651,264102988.0,18325243999.0,1.0032,0.9631,0.9621,0.9654,1.2172,5.2594,12,7,7,July,2024
12:02:02,2024-07-07,Toncoin,8,1044,29,70,38,98.783104434167,2506071274.0,5108656342.0,0.0,TONCOIN,7.310998096488887,264575127.0,18321882313.0,1.003,0.963,0.9619,0.9652,1.2169,5.2585,12,7,7,July,2024
12:10:30,2024-07-07,Toncoin,8,1044,29,70,38,98.783104434167,2506071274.0,5108656342.0,0.0,TONCOIN,7.321368937742448,265760663.0,18347872381.0,0.9977,0.9626,0.9635,0.9678,1.2044,5.2767,12,7,7,July,2024
12:11:33,2024-07-07,Toncoin,8,1044,29,70,38,98.783104434167,2506071274.0,5108656342.0,0.0,TONCOIN,7.324897418987986,265955822.0,18356715006.0,0.9981,0.963,0.964,0.9683,1.205,5.2792,12,7,7,July,2024
12:13:19,2024-07-07,Toncoin,8,1044,29,70,38,98.783104434167,2506071274.0,5108656342.0,0.0,TONCOIN,7.335311473246746,266479672.0,18382813368.0,0.9996,0.9644,0.9654,0.9697,1.2067,5.2867,12,7,7,July,2024
12:13:45,2024-07-07,Toncoin,8,1044,29,70,38,98.783104434167,2506071274.0,5108656342.0,0.0,TONCOIN,7.331076463390194,266322040.0,18372200132.0,0.999,0.9638,0.9648,0.9691,1.206,5.2837,12,7,7,July,2024
12:14:08,2024-07-07,Toncoin,8,1044,29,70,38,98.783104434167,2506071274.0,5108656342.0,0.0,TONCOIN,7.329295473163829,266113442.0,18367736843.0,0.9987,0.9636,0.9646,0.9689,1.2057,5.2824,12,7,7,July,2024
12:15:51,2024-07-07,Toncoin,8,1044,29,70,38,98.783104434167,2506071274.0,5108656342.0,0.0,TONCOIN,7.323838363916134,265928315.0,18354060939.0,1.0003,0.9642,0.9638,0.9693,1.2039,5.2675,12,7,7,July,2024
12:18:19,2024-07-07,Toncoin,8,1044,29,70,38,98.783104434167,2506071274.0,5108656342.0,0.0,TONCOIN,7.310693071588762,265823270.0,18321117899.0,0.9985,0.9625,0.9621,0.9675,1.2017,5.2581,12,7,7,July,2024
12:18:46,2024-07-07,Toncoin,8,1044,29,70,38,98.783104434167,2506071274.0,5108656342.0,0.0,TONCOIN,7.316375415100349,266088361.0,18335358257.0,0.9993,0.9632,0.9629,0.9683,1.2027,5.2622,12,7,7,July,2024
12:31:52,2024-07-07,Toncoin,8,1044,29,70,38,98.783104434167,2506071274.0,5108656342.0,0.0,TONCOIN,7.303282872255801,264918858.0,18302547412.0,0.9937,0.9567,0.9597,0.965,1.1958,5.2531,12,7,7,July,2024
12:49:30,2024-07-07,Toncoin,8,1044,29,70,38,98.783104434167,2506071274.0,5108656342.0,0.0,TONCOIN,7.332261863577259,264459299.0,18375170829.0,0.9985,0.9594,0.9642,0.9683,1.1922,5.2732,12,7,7,July,2024
12:53:31,2024-07-07,Toncoin,8,1044,29,70,38,98.783104434167,2506071274.0,5108656342.0,0.0,TONCOIN,7.322865628261853,263722119.0,18351623194.0,1.0015,0.9576,0.9643,0.9705,1.1749,5.2627,12,7,7,July,2024
12:54:54,2024-07-07,Toncoin,8,1044,29,70,38,98.783104434167,2506071274.0,5108656342.0,0.0,TONCOIN,7.322449421028945,263570818.0,18350580149.0,1.0014,0.9575,0.9642,0.9705,1.1748,5.2624,12,7,7,July,2024
12:56:22,2024-07-07,Toncoin,8,1044,29,70,38,98.783104434167,2506071274.0,5108656342.0,0.0,TONCOIN,7.321176356092084,263413459.0,18347389757.0,1.0017,0.9575,0.9635,0.9682,1.1919,5.2646,12,7,7,July,2024
12:56:44,2024-07-07,Toncoin,8,1044,29,70,38,98.783104434167,2506071274.0,5108656342.0,0.0,TONCOIN,7.31939582419867,263249826.0,18342927618.0,1.0015,0.9573,0.9632,0.968,1.1916,5.2633,12,7,7,July,2024
12:57:08,2024-07-07,Toncoin,8,1044,29,70,38,98.783104434167,2506071274.0,5108656342.0,0.0,TONCOIN,7.320456911903292,263234635.0,18345586779.0,1.0016,0.9574,0.9634,0.9681,1.1918,5.2641,12,7,7,July,2024
12:57:30,2024-07-07,Toncoin,8,1044,29,70,38,98.783104434167,2506071274.0,5108656342.0,0.0,TONCOIN,7.323362091978024,263303002.0,18352867367.0,1.002,0.9578,0.9637,0.9685,1.1923,5.2662,12,7,7,July,2024
12:57:53,2024-07-07,Toncoin,8,1044,29,70,38,98.783104434167,2506071274.0,5108656342.0,0.0,TONCOIN,7.325506504095974,263274049.0,18358241417.0,1.0023,0.9581,0.964,0.9688,1.1926,5.2677,12,7,7,July,2024
12:58:13,2024-07-07,Toncoin,8,1044,29,70,38,98.783104434167,2506071274.0,5108656342.0,0.0,TONCOIN,7.32571793113118,263275656.0,18358771268.0,1.0023,0.9581,0.9641,0.9688,1.1927,5.2679,12,7,7,July,2024
12:58:34,2024-07-07,Toncoin,8,1044,29,70,38,98.783104434167,2506071274.0,5108656342.0,0.0,TONCOIN,7.329651093075389,263379832.0,18368628052.0,1.0029,0.9586,0.9646,0.9693,1.1933,5.2707,12,7,7,July,2024
12:58:56,2024-07-07,Toncoin,8,1044,29,70,38,98.783104434167,2506071274.0,5108656342.0,0.0,TONCOIN,7.32985700694694,263374844.0,18369144087.0,1.0029,0.9586,0.9646,0.9694,1.1933,5.2709,12,7,7,July,2024
12:59:42,2024-07-07,Toncoin,8,1044,29,70,38,98.783104434167,2506071274.0,5108656342.0,0.0,TONCOIN,7.3288126683714845,263273246.0,18366526900.0,1.0028,0.9585,0.9645,0.9692,1.1932,5.2701,12,7,7,July,2024
13:00:02,2024-07-07,Toncoin,8,1044,29,70,38,98.783104434167,2506071274.0,5108656342.0,0.0,TONCOIN,7.328700090795205,263218864.0,18366244773.0,1.0028,0.9585,0.9644,0.9692,1.1932,5.27,13,7,7,July,2024
13:00:26,2024-07-07,Toncoin,8,1044,29,70,38,98.783104434167,2506071274.0,5108656342.0,0.0,TONCOIN,7.329143449172806,263252810.0,18367355860.0,1.0028,0.9585,0.9645,0.9693,1.1932,5.2704,13,7,7,July,2024
13:00:49,2024-07-07,Toncoin,8,1044,29,70,38,98.783104434167,2506071274.0,5108656342.0,0.0,TONCOIN,7.334356557319453,263536990.0,18380420281.0,1.0022,0.9585,0.9648,0.9708,1.1919,5.2768,13,7,7,July,2024
13:01:11,2024-07-07,Toncoin,8,1044,29,70,38,98.783104434167,2506071274.0,5108656342.0,0.0,TONCOIN,7.336299566404278,263505740.0,18385289600.0,1.0025,0.9588,0.965,0.9711,1.1922,5.2782,13,7,7,July,2024
13:01:32,2024-07-07,Toncoin,8,1044,29,70,38,98.783104434167,2506071274.0,5108656342.0,0.0,TONCOIN,7.3349605194146426,262293572.0,18381933853.0,1.0023,0.9586,0.9648,0.9709,1.192,5.2773,13,7,7,July,2024
13:01:55,2024-07-07,Toncoin,8,1044,29,70,38,98.783104434167,2506071274.0,5108656342.0,0.0,TONCOIN,7.334426084600309,262237131.0,18380594521.0,1.0022,0.9585,0.9648,0.9708,1.1919,5.2769,13,7,7,July,2024
13:02:17,2024-07-07,Toncoin,8,1044,29,70,38,98.783104434167,2506071274.0,5108656342.0,0.0,TONCOIN,7.333945993400185,262251355.0,18379391379.0,1.0021,0.9584,0.9647,0.9707,1.1919,5.2765,13,7,7,July,2024
13:02:40,2024-07-07,Toncoin,8,1044,29,70,38,98.783104434167,2506071274.0,5108656342.0,0.0,TONCOIN,7.335651418455717,262328845.0,18383665295.0,1.0024,0.9587,0.9649,0.971,1.1921,5.2778,13,7,7,July,2024
13:03:06,2024-07-07,Toncoin,8,1044,29,70,38,98.783104434167,2506071274.0,5108656342.0,0.0,TONCOIN,7.3363464197440456,262267402.0,18385407018.0,1.0025,0.9588,0.965,0.9711,1.1922,5.2783,13,7,7,July,2024
13:03:27,2024-07-07,Toncoin,8,1044,29,70,38,98.783104434167,2506071274.0,5108656342.0,0.0,TONCOIN,7.3363987170228855,262218951.0,18385538079.0,1.0025,0.9588,0.965,0.9711,1.1923,5.2783,13,7,7,July,2024
13:03:53,2024-07-07,Toncoin,8,1044,29,70,38,98.783104434167,2506071274.0,5108656342.0,0.0,TONCOIN,7.33661638966427,262434810.0,18386083582.0,1.0025,0.9588,0.9651,0.9711,1.1923,5.2784,13,7,7,July,2024
13:04:14,2024-07-07,Toncoin,8,1044,29,70,38,98.783104434167,2506071274.0,5108656342.0,0.0,TONCOIN,7.335728973507237,262321133.0,18383859654.0,1.0024,0.9587,0.965,0.971,1.1921,5.2778,13,7,7,July,2024
13:04:39,2024-07-07,Toncoin,8,1044,29,70,38,98.783104434167,2506071274.0,5108656342.0,0.0,TONCOIN,7.333308104675007,262321258.0,18377792784.0,1.0021,0.9584,0.9646,0.9707,1.1918,5.2761,13,7,7,July,2024
13:05:02,2024-07-07,Toncoin,8,1044,29,70,38,98.783104434167,2506071274.0,5108656342.0,0.0,TONCOIN,7.333684207965084,262406068.0,18378735326.0,1.0021,0.9584,0.9647,0.9707,1.1918,5.2763,13,7,7,July,2024
13:05:29,2024-07-07,Toncoin,8,1044,29,70,38,98.783104434167,2506071274.0,5108656342.0,0.0,TONCOIN,7.333569632578814,262345536.0,18378448192.0,1.0021,0.9584,0.9647,0.9707,1.1918,5.2763,13,7,7,July,2024
13:05:51,2024-07-07,Toncoin,8,1044,29,70,38,98.783104434167,2506071274.0,5108656342.0,0.0,TONCOIN,7.337839076545361,262462924.0,18389147722.0,1.0027,0.959,0.9652,0.9713,1.1925,5.2793,13,7,7,July,2024
13:06:15,2024-07-07,Toncoin,8,1044,29,70,38,98.783104434167,2506071274.0,5108656342.0,0.0,TONCOIN,7.340111489438288,262508737.0,18394842551.0,1.0036,0.9599,0.9639,0.9747,1.19,5.2811,13,7,7,July,2024
13:06:33,2024-07-07,Toncoin,8,1044,29,70,38,98.783104434167,2506071274.0,5108656342.0,0.0,TONCOIN,7.346484756380794,263077654.0,18410814412.0,1.0045,0.9608,0.9647,0.9756,1.191,5.2857,13,7,7,July,2024
13:06:54,2024-07-07,Toncoin,8,1044,29,70,38,98.783104434167,2506071274.0,5108656342.0,0.0,TONCOIN,7.346889503205223,263108612.0,18411828737.0,1.0046,0.9608,0.9648,0.9756,1.1911,5.2859,13,7,7,July,2024
13:07:14,2024-07-07,Toncoin,8,1044,29,70,38,98.783104434167,2506071274.0,5108656342.0,0.0,TONCOIN,7.347843539861526,263114640.0,18414219621.0,1.0047,0.9609,0.9649,0.9757,1.1912,5.2866,13,7,7,July,2024
13:07:44,2024-07-07,Toncoin,8,1044,29,70,38,98.783104434167,2506071274.0,5108656342.0,0.0,TONCOIN,7.345303780587921,263028506.0,18407854803.0,1.0043,0.9606,0.9646,0.9754,1.1908,5.2848,13,7,7,July,2024
13:08:17,2024-07-07,Toncoin,8,1044,29,70,38,98.783104434167,2506071274.0,5108656342.0,0.0,TONCOIN,7.345108513530855,262950759.0,18407365450.0,1.0043,0.9606,0.9645,0.9754,1.1908,5.2847,13,7,7,July,2024
13:08:46,2024-07-07,Toncoin,8,1044,29,70,38,98.783104434167,2506071274.0,5108656342.0,0.0,TONCOIN,7.345901701150114,263091168.0,18409353234.0,1.0044,0.9607,0.9646,0.9755,1.1909,5.2852,13,7,7,July,2024
13:09:11,2024-07-07,Toncoin,8,1044,29,70,38,98.783104434167,2506071274.0,5108656342.0,0.0,TONCOIN,7.3452283340623605,263145125.0,18407665728.0,1.0043,0.9606,0.9646,0.9754,1.1908,5.2847,13,7,7,July,2024
13:10:04,2024-07-07,Toncoin,8,1044,29,70,38,98.783104434167,2506071274.0,5108656342.0,0.0,TONCOIN,7.338069207189475,262880904.0,18389724446.0,1.0034,0.9597,0.9636,0.9744,1.1896,5.2796,13,7,7,July,2024
13:10:24,2024-07-07,Toncoin,8,1044,29,70,38,98.783104434167,2506071274.0,5108656342.0,0.0,TONCOIN,7.338069207189475,262880904.0,18389724446.0,1.0034,0.9597,0.9636,0.9744,1.1896,5.2796,13,7,7,July,2024
13:10:49,2024-07-07,Toncoin,8,1044,29,70,38,98.783104434167,2506071274.0,5108656342.0,0.0,TONCOIN,7.332972096842368,262727392.0,18376950724.0,1.0027,0.959,0.9629,0.9738,1.1888,5.2759,13,7,7,July,2024
13:11:10,2024-07-07,Toncoin,8,1044,29,70,38,98.783104434167,2506071274.0,5108656342.0,0.0,TONCOIN,7.3321947854672755,262728407.0,18375002727.0,1.0026,0.9589,0.9628,0.9737,1.1887,5.2754,13,7,7,July,2024
13:11:34,2024-07-07,Toncoin,8,1044,29,70,38,98.783104434167,2506071274.0,5108656342.0,0.0,TONCOIN,7.331749263296815,262684355.0,18373886216.0,1.0021,0.9599,0.9617,0.9728,1.1866,5.2724,13,7,7,July,2024
13:11:57,2024-07-07,Toncoin,8,1044,29,70,38,98.783104434167,2506071274.0,5108656342.0,0.0,TONCOIN,7.331807634672407,262624189.0,18374032499.0,1.0021,0.9599,0.9617,0.9728,1.1866,5.2724,13,7,7,July,2024
13:12:34,2024-07-07,Toncoin,8,1044,29,70,38,98.783104434167,2506071274.0,5108656342.0,0.0,TONCOIN,7.330931045176107,262607618.0,18371835703.0,1.002,0.9598,0.9616,0.9726,1.1865,5.2718,13,7,7,July,2024
13:13:01,2024-07-07,Toncoin,8,1044,29,70,38,98.783104434167,2506071274.0,5108656342.0,0.0,TONCOIN,7.330488035878057,262528567.0,18370725491.0,1.0019,0.9597,0.9616,0.9726,1.1864,5.2715,13,7,7,July,2024
13:13:25,2024-07-07,Toncoin,8,1044,29,70,38,98.783104434167,2506071274.0,5108656342.0,0.0,TONCOIN,7.330418250645158,262476186.0,18370550604.0,1.0019,0.9597,0.9616,0.9726,1.1864,5.2715,13,7,7,July,2024
13:13:48,2024-07-07,Toncoin,8,1044,29,70,38,98.783104434167,2506071274.0,5108656342.0,0.0,TONCOIN,7.325672269164001,262258676.0,18358656836.0,1.0013,0.9591,0.9609,0.9719,1.1856,5.268,13,7,7,July,2024
13:14:10,2024-07-07,Toncoin,8,1044,29,70,38,98.783104434167,2506071274.0,5108656342.0,0.0,TONCOIN,7.322822605370703,261855549.0,18351515375.0,1.0009,0.9587,0.9606,0.9716,1.1852,5.266,13,7,7,July,2024
14:46:31,2024-07-07,Toncoin,8,1044,29,70,38,98.783104434167,2504679270.0,5107264399.0,0.0,TONCOIN,7.341205656621148,266548846.0,18387365624.0,1.0085,0.9605,0.9609,1.0038,1.1864,5.2775,14,7,7,July,2024
14:46:52,2024-07-07,Toncoin,8,1044,29,70,38,98.783104434167,2504679270.0,5107264399.0,0.0,TONCOIN,7.340493310554837,266692485.0,18385581426.0,1.0084,0.9604,0.9608,1.0037,1.1863,5.277,14,7,7,July,2024
14:47:32,2024-07-07,Toncoin,8,1044,29,70,38,98.783104434167,2504679270.0,5107264399.0,0.0,TONCOIN,7.341048725664682,266823804.0,18386972563.0,1.0085,0.9605,0.9609,1.0038,1.1864,5.2774,14,7,7,July,2024
14:47:54,2024-07-07,Toncoin,8,1044,29,70,38,98.783104434167,2504679270.0,5107264399.0,0.0,TONCOIN,7.3335984079473215,266588177.0,18368311906.0,1.0075,0.9595,0.9599,1.0028,1.1852,5.2721,14,7,7,July,2024
14:48:17,2024-07-07,Toncoin,8,1044,29,70,38,98.783104434167,2504679270.0,5107264399.0,0.0,TONCOIN,7.332544660373708,266529889.0,18365672607.0,1.0073,0.9593,0.9598,1.0026,1.185,5.2713,14,7,7,July,2024
14:48:40,2024-07-07,Toncoin,8,1044,29,70,38,98.783104434167,2504679270.0,5107264399.0,0.0,TONCOIN,7.331301717924226,266537535.0,18362559435.0,1.0072,0.9592,0.9596,1.0025,1.1848,5.2704,14,7,7,July,2024
14:49:04,2024-07-07,Toncoin,8,1044,29,70,38,98.783104434167,2504679270.0,5107264399.0,0.0,TONCOIN,7.3312594691821795,266462797.0,18362453615.0,1.0072,0.9592,0.9596,1.0025,1.1848,5.2704,14,7,7,July,2024
14:49:26,2024-07-07,Toncoin,8,1044,29,70,38,98.783104434167,2504679270.0,5107264399.0,0.0,TONCOIN,7.330225289376814,266390109.0,18359863326.0,1.007,0.959,0.9595,1.0023,1.1847,5.2696,14,7,7,July,2024
14:49:49,2024-07-07,Toncoin,8,1044,29,70,38,98.783104434167,2504679270.0,5107264399.0,0.0,TONCOIN,7.327342256730429,266340124.0,18352642254.0,1.0066,0.9587,0.9591,1.0019,1.1842,5.2676,14,7,7,July,2024
14:50:12,2024-07-07,Toncoin,8,1044,29,70,38,98.783104434167,2504679270.0,5107264399.0,0.0,TONCOIN,7.326519174378189,266279747.0,18350580697.0,1.0065,0.9586,0.959,1.0018,1.1841,5.267,14,7,7,July,2024
14:50:32,2024-07-07,Toncoin,8,1044,29,70,38,98.783104434167,2504679270.0,5107264399.0,0.0,TONCOIN,7.3264712279260875,266230563.0,18350460606.0,1.0065,0.9586,0.959,1.0018,1.1841,5.2669,14,7,7,July,2024
14:50:58,2024-07-07,Toncoin,8,1044,29,70,38,98.783104434167,2504679270.0,5107264399.0,0.0,TONCOIN,7.322558498964223,266124024.0,18340660475.0,1.0057,0.9571,0.9584,1.0033,1.1902,5.2646,14,7,7,July,2024
14:51:17,2024-07-07,Toncoin,8,1044,29,70,38,98.783104434167,2504679270.0,5107264399.0,0.0,TONCOIN,7.321937497492424,266080211.0,18339105066.0,1.0056,0.957,0.9583,1.0032,1.1901,5.2642,14,7,7,July,2024
14:51:43,2024-07-07,Toncoin,8,1044,29,70,38,98.783104434167,2504679270.0,5107264399.0,0.0,TONCOIN,7.321410040067187,266085184.0,18337783954.0,1.0055,0.9569,0.9583,1.0031,1.19,5.2638,14,7,7,July,2024
14:52:02,2024-07-07,Toncoin,8,1044,29,70,38,98.783104434167,2504679270.0,5107264399.0,0.0,TONCOIN,7.321410040067187,266085184.0,18337783954.0,1.0055,0.9569,0.9583,1.0031,1.19,5.2638,14,7,7,July,2024
14:52:23,2024-07-07,Toncoin,8,1044,29,70,38,98.783104434167,2504679270.0,5107264399.0,0.0,TONCOIN,7.321375585246746,265979059.0,18337697656.0,1.0055,0.9569,0.9583,1.0031,1.19,5.2638,14,7,7,July,2024
14:52:47,2024-07-07,Toncoin,8,1044,29,70,38,98.783104434167,2504679270.0,5107264399.0,0.0,TONCOIN,7.32190562944064,266025747.0,18339025246.0,1.0056,0.957,0.9583,1.0032,1.19,5.2641,14,7,7,July,2024
14:53:39,2024-07-07,Toncoin,8,1044,29,70,38,98.783104434167,2504679270.0,5107264399.0,0.0,TONCOIN,7.322078405321577,265990806.0,18339457995.0,1.0056,0.957,0.9584,1.0032,1.1901,5.2643,14,7,7,July,2024
14:54:04,2024-07-07,Toncoin,8,1044,29,70,38,98.783104434167,2504679270.0,5107264399.0,0.0,TONCOIN,7.3227716881988245,265990666.0,18341194446.0,1.0057,0.9571,0.9585,1.0033,1.1902,5.2648,14,7,7,July,2024
14:54:31,2024-07-07,Toncoin,8,1044,29,70,38,98.783104434167,2504679270.0,5107264399.0,0.0,TONCOIN,7.3228768852929536,265929857.0,18341457931.0,1.0057,0.9571,0.9585,1.0033,1.1902,5.2648,14,7,7,July,2024
14:55:01,2024-07-07,Toncoin,8,1044,29,70,38,98.783104434167,2504679270.0,5107264399.0,0.0,TONCOIN,7.322261160680046,265887055.0,18339915738.0,1.0056,0.957,0.9584,1.0032,1.1901,5.2644,14,7,7,July,2024
14:55:25,2024-07-07,Toncoin,8,1044,29,70,38,98.783104434167,2504679270.0,5107264399.0,0.0,TONCOIN,7.322268650424144,265826725.0,18339934498.0,1.0056,0.957,0.9584,1.0032,1.1901,5.2644,14,7,7,July,2024
14:55:47,2024-07-07,Toncoin,8,1044,29,70,38,98.783104434167,2504679270.0,5107264399.0,0.0,TONCOIN,7.320694672455387,265786984.0,18335992188.0,1.0054,0.9568,0.9582,1.003,1.1898,5.2633,14,7,7,July,2024
14:56:12,2024-07-07,Toncoin,8,1044,29,70,38,98.783104434167,2504679270.0,5107264399.0,0.0,TONCOIN,7.320568957850011,265738458.0,18335677313.0,1.0018,0.9571,0.9588,1.0053,1.1915,5.2599,14,7,7,July,2024
14:56:34,2024-07-07,Toncoin,8,1044,29,70,38,98.783104434167,2504679270.0,5107264399.0,0.0,TONCOIN,7.32255455760955,265887363.0,18340650603.0,1.002,0.9574,0.9591,1.0056,1.1918,5.2613,14,7,7,July,2024
14:56:57,2024-07-07,Toncoin,8,1044,29,70,38,98.783104434167,2504679270.0,5107264399.0,0.0,TONCOIN,7.321760664447182,265828364.0,18338662156.0,1.0019,0.9573,0.959,1.0055,1.1917,5.2607,14,7,7,July,2024
14:57:24,2024-07-07,Toncoin,8,1044,29,70,38,98.783104434167,2504679270.0,5107264399.0,0.0,TONCOIN,7.320774857857935,265786211.0,18336193026.0,1.0018,0.9571,0.9588,1.0054,1.1915,5.26,14,7,7,July,2024
14:57:42,2024-07-07,Toncoin,8,1044,29,70,38,98.783104434167,2504679270.0,5107264399.0,0.0,TONCOIN,7.317931837700442,265841718.0,18329072173.0,1.0014,0.9568,0.9585,1.005,1.1911,5.258,14,7,7,July,2024
14:58:03,2024-07-07,Toncoin,8,1044,29,70,38,98.783104434167,2504679270.0,5107264399.0,0.0,TONCOIN,7.317176585053247,265803915.0,18327180507.0,1.0013,0.9567,0.9584,1.0049,1.191,5.2574,14,7,7,July,2024
14:58:26,2024-07-07,Toncoin,8,1044,29,70,38,98.783104434167,2504679270.0,5107264399.0,0.0,TONCOIN,7.316429505066844,265797664.0,18325309311.0,1.0012,0.9566,0.9583,1.0048,1.1908,5.2569,14,7,7,July,2024
14:58:50,2024-07-07,Toncoin,8,1044,29,70,38,98.783104434167,2504679270.0,5107264399.0,0.0,TONCOIN,7.314581550484418,265889881.0,18320680778.0,1.0009,0.9563,0.958,1.0045,1.1905,5.2556,14,7,7,July,2024
14:59:13,2024-07-07,Toncoin,8,1044,29,70,38,98.783104434167,2504679270.0,5107264399.0,0.0,TONCOIN,7.314217850267115,265948039.0,18319769825.0,1.0009,0.9563,0.958,1.0045,1.1905,5.2553,14,7,7,July,2024
14:59:36,2024-07-07,Toncoin,8,1044,29,70,38,98.783104434167,2504679270.0,5107264399.0,0.0,TONCOIN,7.317083482794944,266079313.0,18326947316.0,1.0013,0.9567,0.9584,1.0049,1.1909,5.2574,14,7,7,July,2024
14:59:58,2024-07-07,Toncoin,8,1044,29,70,38,98.783104434167,2504679270.0,5107264399.0,0.0,TONCOIN,7.319285737880889,266184405.0,18332463258.0,1.0016,0.9569,0.9586,1.0052,1.1913,5.259,14,7,7,July,2024
15:00:48,2024-07-07,Toncoin,8,1044,29,70,38,98.783104434167,2504679270.0,5107264399.0,0.0,TONCOIN,7.31956825745939,266122335.0,18333170879.0,1.0016,0.957,0.9587,1.0052,1.1913,5.2592,15,7,7,July,2024
15:02:00,2024-07-07,Toncoin,8,1044,29,70,38,98.783104434167,2504679270.0,5107264399.0,0.0,TONCOIN,7.313831476654375,264090347.0,18318802083.0,1.0004,0.9564,0.9588,1.0053,1.1909,5.2531,15,7,7,July,2024
15:02:40,2024-07-07,Toncoin,8,1044,29,70,38,98.783104434167,2504679270.0,5107264399.0,0.0,TONCOIN,7.309150166823296,263879137.0,18307076904.0,0.9997,0.9558,0.9582,1.0046,1.1902,5.2497,15,7,7,July,2024
15:02:58,2024-07-07,Toncoin,8,1044,29,70,38,98.783104434167,2504679270.0,5107264399.0,0.0,TONCOIN,7.308406392220318,263786844.0,18305213987.0,0.9996,0.9557,0.9581,1.0045,1.1901,5.2492,15,7,7,July,2024
15:03:24,2024-07-07,Toncoin,8,1044,29,70,38,98.783104434167,2504679270.0,5107264399.0,0.0,TONCOIN,7.306917527221828,263786874.0,18301484858.0,0.9994,0.9555,0.9579,1.0043,1.1898,5.2481,15,7,7,July,2024
15:03:43,2024-07-07,Toncoin,8,1044,29,70,38,98.783104434167,2504679270.0,5107264399.0,0.0,TONCOIN,7.303986623982719,263741761.0,18294143885.0,0.999,0.9551,0.9575,1.0039,1.1893,5.246,15,7,7,July,2024
15:04:04,2024-07-07,Toncoin,8,1044,29,70,38,98.783104434167,2504679270.0,5107264399.0,0.0,TONCOIN,7.303532149693245,263681907.0,18293005573.0,0.999,0.9551,0.9574,1.0039,1.1893,5.2457,15,7,7,July,2024
15:04:28,2024-07-07,Toncoin,8,1044,29,70,38,98.783104434167,2504679270.0,5107264399.0,0.0,TONCOIN,7.3029651219546885,263698808.0,18291585350.0,0.9989,0.955,0.9574,1.0038,1.1892,5.2453,15,7,7,July,2024
15:04:53,2024-07-07,Toncoin,8,1044,29,70,38,98.783104434167,2504679270.0,5107264399.0,0.0,TONCOIN,7.304508214736473,263886388.0,18295450302.0,0.9991,0.9552,0.9576,1.004,1.1894,5.2464,15,7,7,July,2024
15:05:12,2024-07-07,Toncoin,8,1044,29,70,38,98.783104434167,2504679270.0,5107264399.0,0.0,TONCOIN,7.304310285040885,263912213.0,18294954552.0,0.9991,0.9552,0.9575,1.004,1.1894,5.2462,15,7,7,July,2024
15:05:52,2024-07-07,Toncoin,8,1044,29,70,38,98.783104434167,2504679270.0,5107264399.0,0.0,TONCOIN,7.301981718404102,263872062.0,18289122240.0,0.9991,0.9547,0.9579,1.0122,1.1918,5.2463,15,7,7,July,2024
15:06:56,2024-07-07,Toncoin,8,1044,29,70,38,98.783104434167,2504679270.0,5107264399.0,0.0,TONCOIN,7.2976411361318645,263893407.0,18278250473.0,0.9985,0.9541,0.9574,1.0116,1.1911,5.2432,15,7,7,July,2024
15:07:33,2024-07-07,Toncoin,8,1044,29,70,38,98.783104434167,2504679270.0,5107264399.0,0.0,TONCOIN,7.297456381391564,263825506.0,18277787722.0,0.9985,0.9541,0.9573,1.0116,1.1911,5.2431,15,7,7,July,2024
15:07:57,2024-07-07,Toncoin,8,1044,29,70,38,98.783104434167,2504679270.0,5107264399.0,0.0,TONCOIN,7.298418948321498,263902822.0,18280198643.0,0.9986,0.9543,0.9575,1.0117,1.1912,5.2437,15,7,7,July,2024
