Time,Date,Name,Rank,Age,Exchanges,Markets,Pairs,All_Time_High,Circulating_Supply,Total_Supply,Max_Supply,Code,Rate,Volume,Cap,Delta_Hour_Change,Delta_Day_Change,Delta_Week_Change,Delta_Month_Change,Delta_Quarter_Change,Delta_Year_Change,Hour,Day,Month_Number,Month_Name,Year
22:19:31,2024-07-10,TRON,10,2492,102,236,43,0.2947430746031121,87141682535.0,87141682448.0,0.0,TRX,0.1317761314375048,283455722.0,11483193811.0,1.0026,1.0102,1.0171,1.1057,1.0747,1.6944,22,10,7,July,2024
22:36:21,2024-07-10,TRON,10,2493,102,236,43,0.2947430746031121,87141725917.0,87141725095.0,0.0,TRX,0.13260766163048507,288249857.0,11555660504.0,1.0049,1.0137,1.028,1.114,1.0682,1.7074,22,10,7,July,2024
22:36:43,2024-07-10,TRON,10,2493,102,236,43,0.2947430746031121,87141725917.0,87141725095.0,0.0,TRX,0.1326204178923908,288308259.0,11556772106.0,1.005,1.0138,1.0281,1.1141,1.0683,1.7075,22,10,7,July,2024
22:37:06,2024-07-10,TRON,10,2493,102,236,43,0.2947430746031121,87141725917.0,87141725095.0,0.0,TRX,0.13261798175467082,288266383.0,11556559817.0,1.005,1.0138,1.0281,1.1141,1.0683,1.7075,22,10,7,July,2024
22:37:29,2024-07-10,TRON,10,2493,102,236,43,0.2947430746031121,87141725917.0,87141725095.0,0.0,TRX,0.13261790474957802,288225915.0,11556553107.0,1.0049,1.0138,1.0281,1.1141,1.0683,1.7075,22,10,7,July,2024
22:37:49,2024-07-10,TRON,10,2493,102,236,43,0.2947430746031121,87141725917.0,87141725095.0,0.0,TRX,0.13264140040359154,288279982.0,11558600559.0,1.0051,1.014,1.0283,1.1143,1.0685,1.7078,22,10,7,July,2024
22:38:10,2024-07-10,TRON,10,2493,102,236,43,0.2947430746031121,87141725917.0,87141725095.0,0.0,TRX,0.13267986947279195,288425697.0,11561952820.0,1.0054,1.0143,1.0286,1.1146,1.0688,1.7083,22,10,7,July,2024
22:38:35,2024-07-10,TRON,10,2493,102,236,43,0.2947430746031121,87141725917.0,87141725095.0,0.0,TRX,0.1326800327603657,288455983.0,11561967049.0,1.0054,1.0143,1.0286,1.1146,1.0688,1.7083,22,10,7,July,2024
22:38:56,2024-07-10,TRON,10,2493,102,236,43,0.2947430746031121,87141725917.0,87141725095.0,0.0,TRX,0.13258315367061696,288205861.0,11553524838.0,1.0047,1.0135,1.0278,1.1138,1.068,1.7071,22,10,7,July,2024
22:39:17,2024-07-10,TRON,10,2493,102,236,43,0.2947430746031121,87141725917.0,87141725095.0,0.0,TRX,0.13258317877682668,288185379.0,11553527026.0,1.0047,1.0135,1.0278,1.1138,1.068,1.7071,22,10,7,July,2024
22:39:38,2024-07-10,TRON,10,2493,102,236,43,0.2947430746031121,87141725917.0,87141725095.0,0.0,TRX,0.13251141749549805,288036079.0,11547273624.0,1.0041,1.013,1.0273,1.1132,1.0675,1.7061,22,10,7,July,2024
22:40:01,2024-07-10,TRON,10,2493,102,236,43,0.2947430746031121,87141725917.0,87141725095.0,0.0,TRX,0.1325177663505635,288053189.0,11547826874.0,1.0042,1.013,1.0273,1.1133,1.0675,1.7062,22,10,7,July,2024
22:40:30,2024-07-10,TRON,10,2493,102,236,43,0.2947430746031121,87141725917.0,87141725095.0,0.0,TRX,0.13251802233043342,288039832.0,11547849180.0,1.0039,1.0139,1.0277,1.1113,1.0683,1.7051,22,10,7,July,2024
22:40:52,2024-07-10,TRON,10,2493,102,236,43,0.2947430746031121,87141725917.0,87141725095.0,0.0,TRX,0.1325328472915022,288231767.0,11549141053.0,1.004,1.014,1.0278,1.1114,1.0684,1.7053,22,10,7,July,2024
22:41:14,2024-07-10,TRON,10,2493,102,236,43,0.2947430746031121,87141725917.0,87141725095.0,0.0,TRX,0.13253284727328013,288201588.0,11549141052.0,1.004,1.014,1.0278,1.1114,1.0684,1.7053,22,10,7,July,2024
22:41:36,2024-07-10,TRON,10,2493,102,236,43,0.2947430746031121,87141725917.0,87141725095.0,0.0,TRX,0.13257219915535973,288307281.0,11552570243.0,1.0043,1.0143,1.0281,1.1118,1.0687,1.7058,22,10,7,July,2024
22:41:58,2024-07-10,TRON,10,2493,102,236,43,0.2947430746031121,87141725917.0,87141725095.0,0.0,TRX,0.13257168048540763,288294881.0,11552525045.0,1.0043,1.0143,1.0281,1.1117,1.0687,1.7058,22,10,7,July,2024
22:42:22,2024-07-10,TRON,10,2493,102,236,43,0.2947430746031121,87141725917.0,87141725095.0,0.0,TRX,0.1325630051540761,288225913.0,11551769061.0,1.0042,1.0142,1.028,1.1117,1.0686,1.7057,22,10,7,July,2024
22:42:44,2024-07-10,TRON,10,2493,102,236,43,0.2947430746031121,87141725917.0,87141725095.0,0.0,TRX,0.13261280390698038,288389822.0,11556108611.0,1.0046,1.0146,1.0284,1.1121,1.069,1.7063,22,10,7,July,2024
22:43:11,2024-07-10,TRON,10,2493,102,236,43,0.2947430746031121,87141725917.0,87141725095.0,0.0,TRX,0.13271151463649875,288748491.0,11564710434.0,1.0054,1.0154,1.0292,1.1129,1.0698,1.7076,22,10,7,July,2024
22:43:33,2024-07-10,TRON,10,2493,102,236,43,0.2947430746031121,87141725917.0,87141725095.0,0.0,TRX,0.13272006523658336,288837136.0,11565455548.0,1.0054,1.0154,1.0292,1.113,1.0699,1.7077,22,10,7,July,2024
22:43:56,2024-07-10,TRON,10,2493,102,236,43,0.2947430746031121,87141725917.0,87141725095.0,0.0,TRX,0.13258437714704077,288530951.0,11553631454.0,1.0044,1.0144,1.0282,1.1119,1.0688,1.706,22,10,7,July,2024
22:44:19,2024-07-10,TRON,10,2493,102,236,43,0.2947430746031121,87141725917.0,87141725095.0,0.0,TRX,0.13258429310195546,288494556.0,11553624130.0,1.0044,1.0144,1.0282,1.1119,1.0688,1.706,22,10,7,July,2024
22:44:43,2024-07-10,TRON,10,2493,102,236,43,0.2947430746031121,87141725917.0,87141725095.0,0.0,TRX,0.13258958063642257,288971267.0,11554084895.0,1.0044,1.0144,1.0282,1.1119,1.0689,1.706,22,10,7,July,2024
22:45:04,2024-07-10,TRON,10,2493,102,236,43,0.2947430746031121,87141725917.0,87141725095.0,0.0,TRX,0.1326760569252999,289228175.0,11561620588.0,1.0051,1.0151,1.0289,1.1126,1.0695,1.7071,22,10,7,July,2024
22:45:25,2024-07-10,TRON,10,2493,102,236,43,0.2947430746031121,87141725917.0,87141725095.0,0.0,TRX,0.13267678941731326,289140866.0,11561684418.0,1.0051,1.0151,1.0289,1.1126,1.0696,1.7071,22,10,7,July,2024
22:45:48,2024-07-10,TRON,10,2493,102,236,43,0.2947430746031121,87141725917.0,87141725095.0,0.0,TRX,0.1326838670446299,289360452.0,11562301175.0,1.0049,1.0152,1.0288,1.1144,1.0694,1.7048,22,10,7,July,2024
22:46:08,2024-07-10,TRON,10,2493,102,236,43,0.2947430746031121,87141725917.0,87141725095.0,0.0,TRX,0.13268397245197422,289309416.0,11562310360.0,1.0049,1.0152,1.0288,1.1144,1.0694,1.7048,22,10,7,July,2024
22:46:29,2024-07-10,TRON,10,2493,102,236,43,0.2947430746031121,87141725917.0,87141725095.0,0.0,TRX,0.13267494519702833,289333351.0,11561523710.0,1.0048,1.0152,1.0287,1.1143,1.0693,1.7047,22,10,7,July,2024
22:46:50,2024-07-10,TRON,10,2493,102,236,43,0.2947430746031121,87141725917.0,87141725095.0,0.0,TRX,0.13257610936755457,289225607.0,11552910985.0,1.0041,1.0144,1.0279,1.1135,1.0686,1.7034,22,10,7,July,2024
22:47:11,2024-07-10,TRON,10,2493,102,236,43,0.2947430746031121,87141725917.0,87141725095.0,0.0,TRX,0.1325761093565346,289192715.0,11552910984.0,1.0041,1.0144,1.0279,1.1135,1.0686,1.7034,22,10,7,July,2024
22:47:32,2024-07-10,TRON,10,2493,102,236,43,0.2947430746031121,87141725917.0,87141725095.0,0.0,TRX,0.13258490185897565,289361674.0,11553677178.0,1.0042,1.0145,1.028,1.1135,1.0686,1.7035,22,10,7,July,2024
22:47:53,2024-07-10,TRON,10,2493,102,236,43,0.2947430746031121,87141725917.0,87141725095.0,0.0,TRX,0.13266252530399114,289802427.0,11560441419.0,1.0047,1.0151,1.0286,1.1142,1.0692,1.7045,22,10,7,July,2024
22:48:17,2024-07-10,TRON,10,2493,102,236,43,0.2947430746031121,87141725917.0,87141725095.0,0.0,TRX,0.13266251564394732,289759420.0,11560440577.0,1.0047,1.0151,1.0286,1.1142,1.0692,1.7045,22,10,7,July,2024
22:48:37,2024-07-10,TRON,10,2493,102,236,43,0.2947430746031121,87141725917.0,87141725095.0,0.0,TRX,0.13265669292030227,289852945.0,11559933175.0,1.0047,1.015,1.0286,1.1141,1.0692,1.7044,22,10,7,July,2024
22:48:58,2024-07-10,TRON,10,2493,102,236,43,0.2947430746031121,87141725917.0,87141725095.0,0.0,TRX,0.13257706042409917,289663762.0,11552993862.0,1.0041,1.0144,1.028,1.1135,1.0686,1.7034,22,10,7,July,2024
22:49:19,2024-07-10,TRON,10,2493,102,236,43,0.2947430746031121,87141725917.0,87141725095.0,0.0,TRX,0.13257711409452966,289625428.0,11552998539.0,1.0041,1.0144,1.028,1.1135,1.0686,1.7034,22,10,7,July,2024
22:49:40,2024-07-10,TRON,10,2493,102,236,43,0.2947430746031121,87141725917.0,87141725095.0,0.0,TRX,0.13260604441237198,289818927.0,11555519577.0,1.0043,1.0146,1.0282,1.1137,1.0688,1.7038,22,10,7,July,2024
22:50:03,2024-07-10,TRON,10,2493,102,236,43,0.2947430746031121,87141725917.0,87141725095.0,0.0,TRX,0.132709001987473,290016113.0,11564491477.0,1.0051,1.0154,1.029,1.1146,1.0696,1.7051,22,10,7,July,2024
22:50:40,2024-07-10,TRON,10,2493,102,236,43,0.2947430746031121,87141725917.0,87141725095.0,0.0,TRX,0.1327118577076189,290006634.0,11564740330.0,1.0051,1.0154,1.029,1.1146,1.0696,1.7052,22,10,7,July,2024
22:51:02,2024-07-10,TRON,10,2493,102,236,43,0.2947430746031121,87141725917.0,87141725095.0,0.0,TRX,0.13272341265435486,290083319.0,11565747248.0,1.0042,1.0152,1.0278,1.1132,1.0725,1.7065,22,10,7,July,2024
22:51:24,2024-07-10,TRON,10,2493,102,236,43,0.2947430746031121,87141725917.0,87141725095.0,0.0,TRX,0.1327144812185841,289992933.0,11564968947.0,1.0042,1.0151,1.0277,1.1131,1.0724,1.7064,22,10,7,July,2024
22:51:46,2024-07-10,TRON,10,2493,102,236,43,0.2947430746031121,87141725917.0,87141725095.0,0.0,TRX,0.13268287469220716,289965031.0,11562214700.0,1.0039,1.0149,1.0275,1.1128,1.0722,1.706,22,10,7,July,2024
22:52:09,2024-07-10,TRON,10,2493,102,236,43,0.2947430746031121,87141725917.0,87141725095.0,0.0,TRX,0.1326829801885594,289885054.0,11562223893.0,1.0039,1.0149,1.0275,1.1128,1.0722,1.706,22,10,7,July,2024
22:52:29,2024-07-10,TRON,10,2493,102,236,43,0.2947430746031121,87141725917.0,87141725095.0,0.0,TRX,0.13269169200053527,289963338.0,11562983055.0,1.004,1.015,1.0276,1.1129,1.0722,1.7061,22,10,7,July,2024
22:52:50,2024-07-10,TRON,10,2493,102,236,43,0.2947430746031121,87141725917.0,87141725095.0,0.0,TRX,0.13262012825003686,290100703.0,11556746867.0,1.0034,1.0144,1.027,1.1123,1.0717,1.7051,22,10,7,July,2024
22:53:12,2024-07-10,TRON,10,2493,102,236,43,0.2947430746031121,87141725917.0,87141725095.0,0.0,TRX,0.13262128282905664,290071375.0,11556847479.0,1.0034,1.0144,1.027,1.1123,1.0717,1.7052,22,10,7,July,2024
22:53:32,2024-07-10,TRON,10,2493,102,236,43,0.2947430746031121,87141725917.0,87141725095.0,0.0,TRX,0.13264733728640316,290216809.0,11559117909.0,1.0036,1.0146,1.0272,1.1125,1.0719,1.7055,22,10,7,July,2024
22:53:54,2024-07-10,TRON,10,2493,102,236,43,0.2947430746031121,87141725917.0,87141725095.0,0.0,TRX,0.13264064680837326,290260802.0,11558534889.0,1.0036,1.0146,1.0272,1.1125,1.0718,1.7054,22,10,7,July,2024
22:54:19,2024-07-10,TRON,10,2493,102,236,43,0.2947430746031121,87141725917.0,87141725095.0,0.0,TRX,0.13264072647498146,290221519.0,11558541831.0,1.0036,1.0146,1.0272,1.1125,1.0718,1.7054,22,10,7,July,2024
22:54:39,2024-07-10,TRON,10,2493,102,236,43,0.2947430746031121,87141725917.0,87141725095.0,0.0,TRX,0.13258244360128926,290324177.0,11553462961.0,1.0032,1.0141,1.0267,1.112,1.0714,1.7047,22,10,7,July,2024
22:55:02,2024-07-10,TRON,10,2493,102,236,43,0.2947430746031121,87141725917.0,87141725095.0,0.0,TRX,0.13268070963480028,290567797.0,11562026033.0,1.0039,1.0149,1.0275,1.1128,1.0722,1.7059,22,10,7,July,2024
22:55:24,2024-07-10,TRON,10,2493,102,236,43,0.2947430746031121,87141725917.0,87141725095.0,0.0,TRX,0.1326806596186383,290632848.0,11562021674.0,1.0039,1.0149,1.0275,1.1128,1.0722,1.7059,22,10,7,July,2024
22:55:47,2024-07-10,TRON,10,2493,102,236,43,0.2947430746031121,87141725917.0,87141725095.0,0.0,TRX,0.13274046910174478,291057884.0,11567233576.0,1.0043,1.0153,1.0279,1.1133,1.0726,1.7067,22,10,7,July,2024
22:56:07,2024-07-10,TRON,10,2493,102,236,43,0.2947430746031121,87141725917.0,87141725095.0,0.0,TRX,0.13274126249427134,291049615.0,11567302714.0,1.0044,1.0154,1.0279,1.1133,1.0727,1.7067,22,10,7,July,2024
22:56:27,2024-07-10,TRON,10,2493,102,236,43,0.2947430746031121,87141725917.0,87141725095.0,0.0,TRX,0.13275124920105164,291107442.0,11568172973.0,1.0043,1.0165,1.0285,1.1119,1.0743,1.7067,22,10,7,July,2024
22:56:49,2024-07-10,TRON,10,2493,102,236,43,0.2947430746031121,87141725917.0,87141725095.0,0.0,TRX,0.13280221018542146,291671844.0,11572613801.0,1.0047,1.0168,1.0289,1.1123,1.0747,1.7074,22,10,7,July,2024
22:57:08,2024-07-10,TRON,10,2493,102,236,43,0.2947430746031121,87141725917.0,87141725095.0,0.0,TRX,0.1327326774818781,291547634.0,11566554601.0,1.0041,1.0163,1.0283,1.1117,1.0741,1.7065,22,10,7,July,2024
22:57:32,2024-07-10,TRON,10,2493,102,236,43,0.2947430746031121,87141725917.0,87141725095.0,0.0,TRX,0.1327323564166855,291720786.0,11566526623.0,1.0041,1.0163,1.0283,1.1117,1.0741,1.7065,22,10,7,July,2024
22:57:54,2024-07-10,TRON,10,2493,102,236,43,0.2947430746031121,87141725917.0,87141725095.0,0.0,TRX,0.13287010163845767,292566109.0,11578529979.0,1.0052,1.0174,1.0294,1.1129,1.0753,1.7083,22,10,7,July,2024
22:58:16,2024-07-10,TRON,10,2493,102,236,43,0.2947430746031121,87141725917.0,87141725095.0,0.0,TRX,0.13286863872744945,292543394.0,11578402498.0,1.0052,1.0174,1.0294,1.1128,1.0752,1.7082,22,10,7,July,2024
22:58:39,2024-07-10,TRON,10,2493,102,236,43,0.2947430746031121,87141725917.0,87141725095.0,0.0,TRX,0.1329054854704255,292793553.0,11581613387.0,1.0054,1.0176,1.0297,1.1132,1.0755,1.7087,22,10,7,July,2024
22:59:00,2024-07-10,TRON,10,2493,102,236,43,0.2947430746031121,87141725917.0,87141725095.0,0.0,TRX,0.1328265140003338,292611732.0,11574731677.0,1.0048,1.017,1.029,1.1125,1.0749,1.7077,22,10,7,July,2024
22:59:32,2024-07-10,TRON,10,2493,102,236,43,0.2947430746031121,87141725917.0,87141725095.0,0.0,TRX,0.13283506619141852,292810586.0,11575476930.0,1.0049,1.0171,1.0291,1.1126,1.075,1.7078,22,10,7,July,2024
22:59:52,2024-07-10,TRON,10,2493,102,236,43,0.2947430746031121,87141725917.0,87141725095.0,0.0,TRX,0.13282412018083972,293030783.0,11574523075.0,1.0048,1.017,1.029,1.1125,1.0749,1.7077,22,10,7,July,2024
23:00:14,2024-07-10,TRON,10,2493,102,236,43,0.2947430746031121,87141725917.0,87141725095.0,0.0,TRX,0.13292613537615894,293217903.0,11583412856.0,1.0056,1.0178,1.0298,1.1133,1.0757,1.709,23,10,7,July,2024
23:00:43,2024-07-10,TRON,10,2493,102,236,43,0.2947430746031121,87141725917.0,87141725095.0,0.0,TRX,0.13290706343628772,293070646.0,11581750894.0,1.0038,1.0203,1.0313,1.1119,1.0761,1.7067,23,10,7,July,2024
23:02:23,2024-07-10,TRON,10,2493,102,236,43,0.2947430746031121,87141725917.0,87141725095.0,0.0,TRX,0.13289662844140873,293068480.0,11580841570.0,1.0038,1.0202,1.0312,1.1118,1.0761,1.7066,23,10,7,July,2024
23:02:43,2024-07-10,TRON,10,2493,102,236,43,0.2947430746031121,87141725917.0,87141725095.0,0.0,TRX,0.13279646862901784,292996152.0,11572113472.0,1.003,1.0194,1.0304,1.111,1.0752,1.7053,23,10,7,July,2024
23:03:06,2024-07-10,TRON,10,2493,102,236,43,0.2947430746031121,87141725917.0,87141725095.0,0.0,TRX,0.13276829014497982,293179804.0,11569657950.0,1.0028,1.0192,1.0302,1.1107,1.075,1.7049,23,10,7,July,2024
23:03:26,2024-07-10,TRON,10,2493,102,236,43,0.2947430746031121,87141725917.0,87141725095.0,0.0,TRX,0.13276887914338853,293131831.0,11569709276.0,1.0028,1.0192,1.0302,1.1107,1.075,1.7049,23,10,7,July,2024
23:03:48,2024-07-10,TRON,10,2493,102,236,43,0.2947430746031121,87141725917.0,87141725095.0,0.0,TRX,0.1329050431953396,293641619.0,11581574847.0,1.0038,1.0203,1.0313,1.1119,1.0761,1.7067,23,10,7,July,2024
23:04:09,2024-07-10,TRON,10,2493,102,236,43,0.2947430746031121,87141725917.0,87141725095.0,0.0,TRX,0.13290512363549173,293584461.0,11581581856.0,1.0038,1.0203,1.0313,1.1119,1.0761,1.7067,23,10,7,July,2024
23:04:29,2024-07-10,TRON,10,2493,102,236,43,0.2947430746031121,87141725917.0,87141725095.0,0.0,TRX,0.13290504557004468,293557782.0,11581575054.0,1.0038,1.0203,1.0313,1.1119,1.0761,1.7067,23,10,7,July,2024
23:04:51,2024-07-10,TRON,10,2493,102,237,43,0.2947430746031121,87141725917.0,87141725095.0,0.0,TRX,0.13290578070377002,293677098.0,11581639114.0,1.0038,1.0203,1.0313,1.1119,1.0761,1.7067,23,10,7,July,2024
23:05:13,2024-07-10,TRON,10,2493,102,237,43,0.2947430746031121,87141725917.0,87141725095.0,0.0,TRX,0.13300452093959078,293840836.0,11590243509.0,1.0046,1.021,1.032,1.1127,1.0769,1.708,23,10,7,July,2024
23:05:38,2024-07-10,TRON,10,2493,102,237,43,0.2947430746031121,87141725917.0,87141725095.0,0.0,TRX,0.13299503199150783,293889096.0,11589416626.0,1.0045,1.021,1.032,1.1126,1.0769,1.7078,23,10,7,July,2024
23:06:00,2024-07-10,TRON,10,2493,102,237,43,0.2947430746031121,87141725917.0,87141725095.0,0.0,TRX,0.13290480107597655,293738498.0,11581553748.0,1.004,1.0196,1.0314,1.1115,1.0763,1.7083,23,10,7,July,2024
23:06:22,2024-07-10,TRON,10,2493,102,237,43,0.2947430746031121,87141725917.0,87141725095.0,0.0,TRX,0.1329049425434309,293702108.0,11581566076.0,1.004,1.0196,1.0314,1.1115,1.0763,1.7083,23,10,7,July,2024
23:06:45,2024-07-10,TRON,10,2493,102,237,43,0.2947430746031121,87141725917.0,87141725095.0,0.0,TRX,0.1328635731327472,293844957.0,11577961074.0,1.0037,1.0193,1.0311,1.1111,1.0759,1.7078,23,10,7,July,2024
23:07:09,2024-07-10,TRON,10,2493,102,237,43,0.2947430746031121,87141725917.0,87141725095.0,0.0,TRX,0.13295490414840594,294027902.0,11585919816.0,1.0044,1.02,1.0318,1.1119,1.0767,1.709,23,10,7,July,2024
23:07:29,2024-07-10,TRON,10,2493,102,237,43,0.2947430746031121,87141725917.0,87141725095.0,0.0,TRX,0.1329550238702893,293994907.0,11585930249.0,1.0044,1.02,1.0318,1.1119,1.0767,1.709,23,10,7,July,2024
23:07:49,2024-07-10,TRON,10,2493,102,237,43,0.2947430746031121,87141725917.0,87141725095.0,0.0,TRX,0.1329550238702893,293994907.0,11585930249.0,1.0044,1.02,1.0318,1.1119,1.0767,1.709,23,10,7,July,2024
23:09:35,2024-07-10,TRON,10,2493,102,237,43,0.2947430746031121,87141725917.0,87141725095.0,0.0,TRX,0.13277645060871207,294260999.0,11570369067.0,1.0031,1.0186,1.0304,1.1104,1.0752,1.7067,23,10,7,July,2024
23:09:57,2024-07-10,TRON,10,2493,102,237,43,0.2947430746031121,87141725917.0,87141725095.0,0.0,TRX,0.1328710218726345,294495568.0,11578610170.0,1.0038,1.0194,1.0312,1.1112,1.076,1.7079,23,10,7,July,2024
23:10:20,2024-07-10,TRON,10,2493,102,237,43,0.2947430746031121,87141725917.0,87141725095.0,0.0,TRX,0.1328707432349723,294425170.0,11578585889.0,1.0038,1.0194,1.0312,1.1112,1.076,1.7079,23,10,7,July,2024
23:10:42,2024-07-10,TRON,10,2493,102,237,43,0.2947430746031121,87141725917.0,87141725095.0,0.0,TRX,0.13278782888628557,294267833.0,11571360589.0,1.0032,1.0187,1.0305,1.1105,1.0753,1.7068,23,10,7,July,2024
23:11:06,2024-07-10,TRON,10,2493,102,237,43,0.2947430746031121,87141725917.0,87141725095.0,0.0,TRX,0.1327010946991426,294038143.0,11563802423.0,1.0036,1.0183,1.0296,1.1114,1.0756,1.705,23,10,7,July,2024
23:11:29,2024-07-10,TRON,10,2493,102,237,43,0.2947430746031121,87141725917.0,87141725095.0,0.0,TRX,0.1327110432114642,294130586.0,11564669353.0,1.0037,1.0184,1.0296,1.1114,1.0756,1.7052,23,10,7,July,2024
23:11:49,2024-07-10,TRON,10,2493,102,237,43,0.2947430746031121,87141725917.0,87141725095.0,0.0,TRX,0.1327264374109988,294151182.0,11566010830.0,1.0038,1.0185,1.0298,1.1116,1.0758,1.7054,23,10,7,July,2024
23:12:58,2024-07-10,TRON,10,2493,102,237,43,0.2947430746031121,87141725917.0,87141725095.0,0.0,TRX,0.13273631811314207,294123441.0,11566871852.0,1.0039,1.0186,1.0298,1.1116,1.0758,1.7055,23,10,7,July,2024
23:14:20,2024-07-10,TRON,10,2493,102,237,43,0.2947430746031121,87141725917.0,87141725095.0,0.0,TRX,0.13276527362480828,294452805.0,11569395085.0,1.0041,1.0188,1.0301,1.1119,1.0761,1.7058,23,10,7,July,2024
23:14:40,2024-07-10,TRON,10,2493,102,237,43,0.2947430746031121,87141725917.0,87141725095.0,0.0,TRX,0.13272972565147542,294610206.0,11566297373.0,1.0039,1.0186,1.0298,1.1116,1.0758,1.7054,23,10,7,July,2024
23:15:03,2024-07-10,TRON,10,2493,102,237,43,0.2947430746031121,87141725917.0,87141725095.0,0.0,TRX,0.1327228991160206,294585050.0,11565702497.0,1.0038,1.0185,1.0297,1.1115,1.0757,1.7053,23,10,7,July,2024
23:15:25,2024-07-10,TRON,10,2493,102,237,43,0.2947430746031121,87141725917.0,87141725095.0,0.0,TRX,0.13270688342270157,294530019.0,11564306862.0,1.0032,1.0179,1.0306,1.1107,1.0737,1.7055,23,10,7,July,2024
23:15:49,2024-07-10,TRON,10,2493,102,237,43,0.2947430746031121,87141725917.0,87141725095.0,0.0,TRX,0.13281683071798342,294946218.0,11573887859.0,1.004,1.0188,1.0314,1.1117,1.0746,1.7069,23,10,7,July,2024
23:16:20,2024-07-10,TRON,10,2493,102,237,43,0.2947430746031121,87141725917.0,87141725095.0,0.0,TRX,0.13281688369430703,294873656.0,11573892476.0,1.004,1.0188,1.0314,1.1117,1.0746,1.7069,23,10,7,July,2024
23:16:41,2024-07-10,TRON,10,2493,102,237,43,0.2947430746031121,87141725917.0,87141725095.0,0.0,TRX,0.13282225347697657,294964966.0,11574360408.0,1.0041,1.0188,1.0314,1.1117,1.0746,1.707,23,10,7,July,2024
23:17:05,2024-07-10,TRON,10,2493,102,237,43,0.2947430746031121,87141725917.0,87141725095.0,0.0,TRX,0.13284042385620645,294977567.0,11575943806.0,1.0042,1.019,1.0316,1.1119,1.0748,1.7072,23,10,7,July,2024
23:17:27,2024-07-10,TRON,10,2493,102,237,43,0.2947430746031121,87141725917.0,87141725095.0,0.0,TRX,0.13284109278091874,295137374.0,11576002097.0,1.0042,1.019,1.0316,1.1119,1.0748,1.7072,23,10,7,July,2024
23:17:49,2024-07-10,TRON,10,2493,102,237,43,0.2947430746031121,87141725917.0,87141725095.0,0.0,TRX,0.1329907908537761,295729016.0,11589047046.0,1.0053,1.0201,1.0328,1.1131,1.076,1.7091,23,10,7,July,2024
23:18:13,2024-07-10,TRON,10,2493,102,237,43,0.2947430746031121,87141725917.0,87141725095.0,0.0,TRX,0.13299078987124704,295665596.0,11589046960.0,1.0053,1.0201,1.0328,1.1131,1.076,1.7091,23,10,7,July,2024
23:18:37,2024-07-10,TRON,10,2493,102,237,43,0.2947430746031121,87141725917.0,87141725095.0,0.0,TRX,0.1329667838034296,295703979.0,11586955030.0,1.0052,1.0199,1.0326,1.1129,1.0758,1.7088,23,10,7,July,2024
23:18:58,2024-07-10,TRON,10,2493,102,237,43,0.2947430746031121,87141725917.0,87141725095.0,0.0,TRX,0.13296678380790797,295692852.0,11586955030.0,1.0052,1.0199,1.0326,1.1129,1.0758,1.7088,23,10,7,July,2024
23:20:17,2024-07-10,TRON,10,2493,102,237,43,0.2947430746031121,87141725917.0,87141725095.0,0.0,TRX,0.13294907017261606,296038416.0,11585411433.0,1.005,1.0198,1.0324,1.1128,1.0757,1.7086,23,10,7,July,2024
23:20:39,2024-07-10,TRON,10,2493,102,237,43,0.2947430746031121,87141725917.0,87141725095.0,0.0,TRX,0.13278180665708827,296768088.0,11570835802.0,1.0038,1.0185,1.0311,1.1114,1.0743,1.7065,23,10,7,July,2024
23:21:00,2024-07-10,TRON,10,2493,102,237,43,0.2947430746031121,87141725917.0,87141725095.0,0.0,TRX,0.13269410329815987,296726804.0,11563193180.0,1.0037,1.0186,1.0306,1.1092,1.0718,1.7042,23,10,7,July,2024
23:21:23,2024-07-10,TRON,10,2493,102,237,43,0.2947430746031121,87141725917.0,87141725095.0,0.0,TRX,0.13268239074805485,296736512.0,11562172528.0,1.0036,1.0186,1.0305,1.1091,1.0717,1.7041,23,10,7,July,2024
23:21:46,2024-07-10,TRON,10,2493,102,237,43,0.2947430746031121,87141725917.0,87141725095.0,0.0,TRX,0.1326698260984999,297422188.0,11561077623.0,1.0035,1.0185,1.0304,1.109,1.0716,1.7039,23,10,7,July,2024
23:22:08,2024-07-10,TRON,10,2493,102,237,43,0.2947430746031121,87141725917.0,87141725095.0,0.0,TRX,0.13267189691844283,297404961.0,11561258078.0,1.0035,1.0185,1.0304,1.109,1.0716,1.704,23,10,7,July,2024
23:22:34,2024-07-10,TRON,10,2493,102,237,43,0.2947430746031121,87141725917.0,87141725095.0,0.0,TRX,0.13268110947106704,298230701.0,11562060875.0,1.0036,1.0185,1.0305,1.1091,1.0717,1.7041,23,10,7,July,2024
23:22:55,2024-07-10,TRON,10,2493,102,237,43,0.2947430746031121,87141725917.0,87141725095.0,0.0,TRX,0.1324193025832744,298689426.0,11539246571.0,1.0016,1.0165,1.0284,1.1069,1.0696,1.7007,23,10,7,July,2024
23:23:19,2024-07-10,TRON,10,2493,102,237,43,0.2947430746031121,87141725917.0,87141725095.0,0.0,TRX,0.13241922709219406,298649192.0,11539239993.0,1.0016,1.0165,1.0284,1.1069,1.0696,1.7007,23,10,7,July,2024
23:23:41,2024-07-10,TRON,10,2493,102,237,43,0.2947430746031121,87141725917.0,87141725095.0,0.0,TRX,0.13238907346486245,298939955.0,11536612354.0,1.0014,1.0163,1.0282,1.1067,1.0694,1.7003,23,10,7,July,2024
23:24:03,2024-07-10,TRON,10,2493,102,237,43,0.2947430746031121,87141725917.0,87141725095.0,0.0,TRX,0.13252297118395523,299254087.0,11548280432.0,1.0024,1.0173,1.0292,1.1078,1.0704,1.7021,23,10,7,July,2024
23:24:27,2024-07-10,TRON,10,2493,102,237,43,0.2947430746031121,87141725917.0,87141725095.0,0.0,TRX,0.1325232791686805,299219848.0,11548307270.0,1.0024,1.0173,1.0292,1.1078,1.0704,1.7021,23,10,7,July,2024
23:24:51,2024-07-10,TRON,10,2493,102,237,43,0.2947430746031121,87141725917.0,87141725095.0,0.0,TRX,0.13249607848990383,299591597.0,11545936956.0,1.0022,1.0171,1.029,1.1076,1.0702,1.7017,23,10,7,July,2024
23:25:14,2024-07-10,TRON,10,2493,102,237,43,0.2947430746031121,87141725917.0,87141725095.0,0.0,TRX,0.13249605437075407,299527839.0,11545934855.0,1.0022,1.0171,1.029,1.1076,1.0702,1.7017,23,10,7,July,2024
23:25:35,2024-07-10,TRON,10,2493,102,237,43,0.2947430746031121,87141725917.0,87141725095.0,0.0,TRX,0.1324890301036973,299670011.0,11545322748.0,1.0021,1.0171,1.029,1.1075,1.0702,1.7016,23,10,7,July,2024
23:25:56,2024-07-10,TRON,10,2493,102,237,43,0.2947430746031121,87141725917.0,87141725095.0,0.0,TRX,0.13262836335039993,300001402.0,11557464487.0,1.0024,1.0184,1.0301,1.111,1.07,1.7047,23,10,7,July,2024
23:26:18,2024-07-10,TRON,10,2493,102,237,43,0.2947430746031121,87141725917.0,87141725095.0,0.0,TRX,0.1326284692494769,299960487.0,11557473716.0,1.0024,1.0184,1.0301,1.111,1.07,1.7047,23,10,7,July,2024
23:26:38,2024-07-10,TRON,10,2493,102,237,43,0.2947430746031121,87141725917.0,87141725095.0,0.0,TRX,0.1326721580478182,300224274.0,11561280833.0,1.0027,1.0187,1.0305,1.1114,1.0703,1.7052,23,10,7,July,2024
23:26:58,2024-07-10,TRON,10,2493,102,237,43,0.2947430746031121,87141725917.0,87141725095.0,0.0,TRX,0.1325788357637604,300011383.0,11553148568.0,1.002,1.018,1.0297,1.1106,1.0696,1.704,23,10,7,July,2024
23:27:24,2024-07-10,TRON,10,2493,102,237,43,0.2947430746031121,87141725917.0,87141725095.0,0.0,TRX,0.13257952908262985,300025753.0,11553208985.0,1.002,1.018,1.0297,1.1106,1.0696,1.704,23,10,7,July,2024
23:27:48,2024-07-10,TRON,10,2493,102,237,43,0.2947430746031121,87141725917.0,87141725095.0,0.0,TRX,0.13257589441477852,300143383.0,11552892254.0,1.002,1.0179,1.0297,1.1106,1.0696,1.704,23,10,7,July,2024
23:28:09,2024-07-10,TRON,10,2493,102,237,43,0.2947430746031121,87141725917.0,87141725095.0,0.0,TRX,0.13268059668645013,300515015.0,11562016190.0,1.0028,1.0188,1.0305,1.1115,1.0704,1.7053,23,10,7,July,2024
23:28:33,2024-07-10,TRON,10,2493,102,237,43,0.2947430746031121,87141725917.0,87141725095.0,0.0,TRX,0.13267472855674173,300543232.0,11561504832.0,1.0028,1.0187,1.0305,1.1114,1.0704,1.7053,23,10,7,July,2024
23:28:58,2024-07-10,TRON,10,2493,102,237,43,0.2947430746031121,87141725917.0,87141725095.0,0.0,TRX,0.13276633268256152,300731511.0,11569487373.0,1.0035,1.0194,1.0312,1.1122,1.0711,1.7064,23,10,7,July,2024
23:29:19,2024-07-10,TRON,10,2493,102,237,43,0.2947430746031121,87141725917.0,87141725095.0,0.0,TRX,0.13277603571344368,300692273.0,11570332912.0,1.0035,1.0195,1.0313,1.1123,1.0712,1.7066,23,10,7,July,2024
23:29:39,2024-07-10,TRON,10,2493,102,237,43,0.2947430746031121,87141725917.0,87141725095.0,0.0,TRX,0.13268912428353183,300647938.0,11562759300.0,1.0029,1.0188,1.0306,1.1116,1.0705,1.7054,23,10,7,July,2024
23:30:04,2024-07-10,TRON,10,2493,102,237,43,0.2947430746031121,87141725917.0,87141725095.0,0.0,TRX,0.13264018983109613,300508114.0,11558495067.0,1.0025,1.0184,1.0302,1.1111,1.0701,1.7048,23,10,7,July,2024
23:30:22,2024-07-10,TRON,10,2493,102,237,43,0.2947430746031121,87141725917.0,87141725095.0,0.0,TRX,0.13264018983109613,300508114.0,11558495067.0,1.0025,1.0184,1.0302,1.1111,1.0701,1.7048,23,10,7,July,2024
23:30:44,2024-07-10,TRON,10,2493,102,237,43,0.2947430746031121,87141725917.0,87141725095.0,0.0,TRX,0.1327025301787887,300775073.0,11563927513.0,1.003,1.0189,1.0307,1.1117,1.0706,1.7056,23,10,7,July,2024
23:31:07,2024-07-10,TRON,10,2493,102,237,43,0.2947430746031121,87141725917.0,87141725095.0,0.0,TRX,0.13270256044119416,300724321.0,11563930150.0,1.0015,1.0188,1.0306,1.1115,1.0704,1.7066,23,10,7,July,2024
23:31:28,2024-07-10,TRON,10,2493,102,237,43,0.2947430746031121,87141725917.0,87141725095.0,0.0,TRX,0.13269273573225254,300696665.0,11563074008.0,1.0014,1.0187,1.0305,1.1115,1.0704,1.7065,23,10,7,July,2024
23:31:52,2024-07-10,TRON,10,2493,102,237,43,0.2947430746031121,87141725917.0,87141725095.0,0.0,TRX,0.13270269559679987,300753661.0,11563941928.0,1.0015,1.0188,1.0306,1.1115,1.0704,1.7066,23,10,7,July,2024
23:32:14,2024-07-10,TRON,10,2493,102,237,43,0.2947430746031121,87141725917.0,87141725095.0,0.0,TRX,0.13270269556301675,300689887.0,11563941925.0,1.0015,1.0188,1.0306,1.1115,1.0704,1.7066,23,10,7,July,2024
23:32:37,2024-07-10,TRON,10,2493,102,237,43,0.2947430746031121,87141725917.0,87141725095.0,0.0,TRX,0.1327277822937227,300772662.0,11566128026.0,1.0017,1.019,1.0308,1.1117,1.0706,1.7069,23,10,7,July,2024
23:32:57,2024-07-10,TRON,10,2493,102,237,43,0.2947430746031121,87141725917.0,87141725095.0,0.0,TRX,0.13263554266988964,300685443.0,11558090106.0,1.001,1.0182,1.0301,1.111,1.0699,1.7057,23,10,7,July,2024
23:34:39,2024-07-10,TRON,10,2493,102,237,43,0.2947430746031121,87141725917.0,87141725095.0,0.0,TRX,0.13266628854373202,301231522.0,11560769354.0,1.0012,1.0185,1.0303,1.1112,1.0701,1.7061,23,10,7,July,2024
23:35:03,2024-07-10,TRON,10,2493,102,237,43,0.2947430746031121,87141725917.0,87141725095.0,0.0,TRX,0.1327577772644144,301437740.0,11568741839.0,1.0019,1.0192,1.031,1.112,1.0709,1.7073,23,10,7,July,2024
23:35:27,2024-07-10,TRON,10,2493,102,237,43,0.2947430746031121,87141725917.0,87141725095.0,0.0,TRX,0.13277005732053873,301404397.0,11569811945.0,1.002,1.0193,1.0311,1.1121,1.071,1.7075,23,10,7,July,2024
23:35:48,2024-07-10,TRON,10,2493,102,237,43,0.2947430746031121,87141725917.0,87141725095.0,0.0,TRX,0.1326498734507787,301325359.0,11559338915.0,1.0011,1.0184,1.0302,1.1111,1.07,1.7059,23,10,7,July,2024
23:36:10,2024-07-10,TRON,10,2493,102,237,43,0.2947430746031121,87141725917.0,87141725095.0,0.0,TRX,0.1326573599209218,301326787.0,11559991299.0,1.0012,1.0184,1.0302,1.1112,1.0701,1.706,23,10,7,July,2024
23:36:33,2024-07-10,TRON,10,2493,102,237,43,0.2947430746031121,87141725917.0,87141725095.0,0.0,TRX,0.13282909287487785,301801385.0,11574956405.0,1.0016,1.0201,1.0316,1.1124,1.0739,1.7076,23,10,7,July,2024
23:37:04,2024-07-10,TRON,10,2493,102,237,43,0.2947430746031121,87141725917.0,87141725095.0,0.0,TRX,0.1328267524638938,301876910.0,11574752457.0,1.0016,1.0201,1.0316,1.1123,1.0739,1.7076,23,10,7,July,2024
23:39:04,2024-07-10,TRON,10,2493,102,237,43,0.2947430746031121,87141725917.0,87141725095.0,0.0,TRX,0.13288655433617064,301943663.0,11579963696.0,1.002,1.0205,1.032,1.1128,1.0744,1.7083,23,10,7,July,2024
23:39:27,2024-07-10,TRON,10,2493,102,237,43,0.2947430746031121,87141725917.0,87141725095.0,0.0,TRX,0.13288882513744338,301891769.0,11580161577.0,1.0021,1.0206,1.0321,1.1129,1.0744,1.7084,23,10,7,July,2024
23:39:54,2024-07-10,TRON,10,2493,102,237,43,0.2947430746031121,87141725917.0,87141725095.0,0.0,TRX,0.1329153270972755,301924789.0,11582471004.0,1.0023,1.0208,1.0323,1.1131,1.0746,1.7087,23,10,7,July,2024
23:40:36,2024-07-10,TRON,10,2493,102,237,43,0.2947430746031121,87141725917.0,87141725095.0,0.0,TRX,0.13290474047005835,301848605.0,11581548467.0,1.0022,1.0207,1.0322,1.113,1.0746,1.7086,23,10,7,July,2024
23:40:56,2024-07-10,TRON,10,2493,102,237,43,0.2947430746031121,87141725917.0,87141725095.0,0.0,TRX,0.13277889950697003,301587390.0,11570582468.0,1.0019,1.0197,1.0312,1.1117,1.075,1.7048,23,10,7,July,2024
23:41:19,2024-07-10,TRON,10,2493,102,237,43,0.2947430746031121,87141725917.0,87141725095.0,0.0,TRX,0.13277835274540678,301517788.0,11570534822.0,1.0019,1.0197,1.0312,1.1116,1.075,1.7048,23,10,7,July,2024
23:41:39,2024-07-10,TRON,10,2493,102,237,43,0.2947430746031121,87141725917.0,87141725095.0,0.0,TRX,0.13277835274540678,301517788.0,11570534822.0,1.0019,1.0197,1.0312,1.1116,1.075,1.7048,23,10,7,July,2024
23:41:59,2024-07-10,TRON,10,2493,102,237,43,0.2947430746031121,87141725917.0,87141725095.0,0.0,TRX,0.13279588978405182,301656510.0,11572063030.0,1.002,1.0198,1.0314,1.1118,1.0751,1.7051,23,10,7,July,2024
23:42:20,2024-07-10,TRON,10,2493,102,237,43,0.2947430746031121,87141725917.0,87141725095.0,0.0,TRX,0.1327958882983731,301616175.0,11572062901.0,1.002,1.0198,1.0314,1.1118,1.0751,1.7051,23,10,7,July,2024
23:42:43,2024-07-10,TRON,10,2493,102,237,43,0.2947430746031121,87141725917.0,87141725095.0,0.0,TRX,0.1326495820311476,301420003.0,11559313520.0,1.0009,1.0187,1.0302,1.1106,1.074,1.7032,23,10,7,July,2024
23:43:06,2024-07-10,TRON,10,2493,102,237,43,0.2947430746031121,87141725917.0,87141725095.0,0.0,TRX,0.13267035274820949,301597661.0,11561123516.0,1.0011,1.0189,1.0304,1.1107,1.0741,1.7035,23,10,7,July,2024
23:43:32,2024-07-10,TRON,10,2493,102,237,43,0.2947430746031121,87141725917.0,87141725095.0,0.0,TRX,0.1326699835385438,301768177.0,11561091342.0,1.0011,1.0188,1.0304,1.1107,1.0741,1.7035,23,10,7,July,2024
23:43:53,2024-07-10,TRON,10,2493,102,237,43,0.2947430746031121,87141725917.0,87141725095.0,0.0,TRX,0.1327049302287599,301784286.0,11564136657.0,1.0014,1.0191,1.0307,1.111,1.0744,1.7039,23,10,7,July,2024
23:44:14,2024-07-10,TRON,10,2493,102,237,43,0.2947430746031121,87141725917.0,87141725095.0,0.0,TRX,0.13270503682937757,301720761.0,11564145947.0,1.0014,1.0191,1.0307,1.111,1.0744,1.7039,23,10,7,July,2024
23:44:34,2024-07-10,TRON,10,2493,102,237,43,0.2947430746031121,87141725917.0,87141725095.0,0.0,TRX,0.13269475931441027,301753772.0,11563250346.0,1.0013,1.019,1.0306,1.1109,1.0743,1.7038,23,10,7,July,2024
23:44:55,2024-07-10,TRON,10,2493,102,237,43,0.2947430746031121,87141725917.0,87141725095.0,0.0,TRX,0.13285150190676034,302204139.0,11576909166.0,1.0025,1.0202,1.0318,1.1123,1.0756,1.7058,23,10,7,July,2024
23:45:44,2024-07-10,TRON,10,2493,102,237,43,0.2947430746031121,87141725917.0,87141725095.0,0.0,TRX,0.13292458205310909,302165570.0,11583277496.0,1.003,1.0208,1.0324,1.1129,1.0762,1.7067,23,10,7,July,2024
23:48:45,2024-07-10,TRON,10,2493,102,237,43,0.2947430746031121,87141725917.0,87141725095.0,0.0,TRX,0.13285682081803368,302168005.0,11577372665.0,1.0013,1.021,1.0318,1.114,1.0752,1.7085,23,10,7,July,2024
23:50:21,2024-07-10,TRON,10,2493,102,237,43,0.2947430746031121,87141725917.0,87141725095.0,0.0,TRX,0.13287541018593502,302139873.0,11578992575.0,1.0014,1.0211,1.0319,1.1142,1.0754,1.7088,23,10,7,July,2024
23:51:24,2024-07-10,TRON,10,2493,102,237,43,0.2947430746031121,87141725917.0,87141725095.0,0.0,TRX,0.13288874969746564,302201129.0,11580155003.0,1.0013,1.0202,1.032,1.1144,1.0756,1.7094,23,10,7,July,2024
23:51:47,2024-07-10,TRON,10,2493,102,237,43,0.2947430746031121,87141725917.0,87141725095.0,0.0,TRX,0.1327768796056518,302006283.0,11570406450.0,1.0004,1.0194,1.0312,1.1135,1.0747,1.708,23,10,7,July,2024
23:52:11,2024-07-10,TRON,10,2493,102,237,43,0.2947430746031121,87141725917.0,87141725095.0,0.0,TRX,0.1327769086544864,301946681.0,11570408982.0,1.0004,1.0194,1.0312,1.1135,1.0747,1.708,23,10,7,July,2024
23:52:33,2024-07-10,TRON,10,2493,102,237,43,0.2947430746031121,87141725917.0,87141725095.0,0.0,TRX,0.13277661601526258,302013018.0,11570383480.0,1.0004,1.0194,1.0312,1.1135,1.0747,1.708,23,10,7,July,2024
23:52:53,2024-07-10,TRON,10,2493,102,237,43,0.2947430746031121,87141725917.0,87141725095.0,0.0,TRX,0.13277661601526258,302013018.0,11570383480.0,1.0004,1.0194,1.0312,1.1135,1.0747,1.708,23,10,7,July,2024
23:53:16,2024-07-10,TRON,10,2493,102,237,43,0.2947430746031121,87141725917.0,87141725095.0,0.0,TRX,0.13282596916434194,302215116.0,11574684199.0,1.0008,1.0198,1.0315,1.1139,1.0751,1.7086,23,10,7,July,2024
23:53:36,2024-07-10,TRON,10,2493,102,237,43,0.2947430746031121,87141725917.0,87141725095.0,0.0,TRX,0.1328261120182749,302405538.0,11574696648.0,1.0008,1.0198,1.0315,1.1139,1.0751,1.7086,23,10,7,July,2024
23:54:03,2024-07-10,TRON,10,2493,102,237,43,0.2947430746031121,87141725917.0,87141725095.0,0.0,TRX,0.13282378072023596,302376259.0,11574493494.0,1.0008,1.0197,1.0315,1.1139,1.0751,1.7086,23,10,7,July,2024
23:54:26,2024-07-10,TRON,10,2493,102,237,43,0.2947430746031121,87141725917.0,87141725095.0,0.0,TRX,0.13282365746543953,302310161.0,11574482754.0,1.0008,1.0197,1.0315,1.1139,1.0751,1.7086,23,10,7,July,2024
23:54:51,2024-07-10,TRON,10,2493,102,237,43,0.2947430746031121,87141725917.0,87141725095.0,0.0,TRX,0.1328264008375394,302190730.0,11574721816.0,1.0008,1.0198,1.0315,1.1139,1.0751,1.7086,23,10,7,July,2024
23:55:11,2024-07-10,TRON,10,2493,102,237,43,0.2947430746031121,87141725917.0,87141725095.0,0.0,TRX,0.13282640083314323,302142974.0,11574721815.0,1.0008,1.0198,1.0315,1.1139,1.0751,1.7086,23,10,7,July,2024
23:55:34,2024-07-10,TRON,10,2493,102,237,43,0.2947430746031121,87141725917.0,87141725095.0,0.0,TRX,0.13272131426523393,302023587.0,11565564391.0,1.0,1.019,1.0307,1.113,1.0743,1.7072,23,10,7,July,2024
23:55:53,2024-07-10,TRON,10,2493,102,237,43,0.2947430746031121,87141725917.0,87141725095.0,0.0,TRX,0.13279369772018043,302215005.0,11571872010.0,1.0006,1.0195,1.0313,1.1136,1.0749,1.7082,23,10,7,July,2024
23:56:15,2024-07-10,TRON,10,2493,102,237,43,0.2947430746031121,87141725917.0,87141725095.0,0.0,TRX,0.13279141731863475,302142001.0,11571673292.0,1.0008,1.0196,1.0287,1.1135,1.0761,1.7051,23,10,7,July,2024
23:56:38,2024-07-10,TRON,10,2493,102,237,43,0.2947430746031121,87141725917.0,87141725095.0,0.0,TRX,0.1328010356359401,302095239.0,11572511448.0,1.0009,1.0196,1.0287,1.1135,1.0762,1.7053,23,10,7,July,2024
23:57:01,2024-07-10,TRON,10,2493,102,237,43,0.2947430746031121,87141725917.0,87141725095.0,0.0,TRX,0.1327923179368438,302058634.0,11571751773.0,1.0008,1.0196,1.0287,1.1135,1.0761,1.7052,23,10,7,July,2024
23:57:22,2024-07-10,TRON,10,2493,102,237,43,0.2947430746031121,87141725917.0,87141725095.0,0.0,TRX,0.1327923188332004,302022679.0,11571751851.0,1.0008,1.0196,1.0287,1.1135,1.0761,1.7052,23,10,7,July,2024
23:57:43,2024-07-10,TRON,10,2493,102,237,43,0.2947430746031121,87141725917.0,87141725095.0,0.0,TRX,0.13290635588229155,302346498.0,11581689236.0,1.0017,1.0205,1.0295,1.1144,1.077,1.7066,23,10,7,July,2024
23:58:07,2024-07-10,TRON,10,2493,102,237,43,0.2947430746031121,87141725917.0,87141725095.0,0.0,TRX,0.13282097210591343,302238824.0,11574248747.0,1.001,1.0198,1.0289,1.1137,1.0763,1.7055,23,10,7,July,2024
23:58:28,2024-07-10,TRON,10,2493,102,237,43,0.2947430746031121,87141725917.0,87141725095.0,0.0,TRX,0.13282097210946364,302217900.0,11574248747.0,1.001,1.0198,1.0289,1.1137,1.0763,1.7055,23,10,7,July,2024
23:58:52,2024-07-10,TRON,10,2493,102,237,43,0.2947430746031121,87141725917.0,87141725095.0,0.0,TRX,0.132820936774624,302286751.0,11574245668.0,1.001,1.0198,1.0289,1.1137,1.0763,1.7055,23,10,7,July,2024
00:03:46,2024-07-11,TRON,10,2493,102,237,43,0.2947430746031121,87141725917.0,87141725095.0,0.0,TRX,0.13286912693919575,301269328.0,11578445042.0,0.9995,1.0214,1.0305,1.113,1.0777,1.707,0,11,7,July,2024
00:05:17,2024-07-11,TRON,10,2493,102,237,43,0.2947430746031121,87141725917.0,87141725095.0,0.0,TRX,0.13274303263958104,300783998.0,11567456967.0,0.9986,1.0204,1.0295,1.112,1.0766,1.7054,0,11,7,July,2024
00:05:38,2024-07-11,TRON,10,2493,102,237,43,0.2947430746031121,87141725917.0,87141725095.0,0.0,TRX,0.1327231353258264,300920510.0,11565723081.0,0.9984,1.0203,1.0294,1.1118,1.0765,1.7051,0,11,7,July,2024
00:06:06,2024-07-11,TRON,10,2493,102,237,43,0.2947430746031121,87141725917.0,87141725095.0,0.0,TRX,0.1328137391069164,301135098.0,11573618451.0,0.9985,1.0205,1.0305,1.1133,1.0764,1.7085,0,11,7,July,2024
00:07:38,2024-07-11,TRON,10,2493,102,237,43,0.2947430746031121,87141725917.0,87141725095.0,0.0,TRX,0.13273957944385983,300783818.0,11567156050.0,0.998,1.02,1.03,1.1127,1.0758,1.7075,0,11,7,July,2024
00:08:07,2024-07-11,TRON,10,2493,102,237,43,0.2947430746031121,87141725917.0,87141725095.0,0.0,TRX,0.1328693774325301,300933495.0,11578466870.0,0.9989,1.021,1.031,1.1138,1.0769,1.7092,0,11,7,July,2024
00:09:31,2024-07-11,TRON,10,2493,102,237,43,0.2947430746031121,87141725917.0,87141725095.0,0.0,TRX,0.13277163173770984,299064589.0,11569949142.0,0.9982,1.0202,1.0302,1.1129,1.0761,1.7079,0,11,7,July,2024
00:10:26,2024-07-11,TRON,10,2493,102,237,43,0.2947430746031121,87141725917.0,87141725095.0,0.0,TRX,0.13275638577495902,298721666.0,11568620582.0,0.9981,1.0201,1.0301,1.1128,1.076,1.7077,0,11,7,July,2024
00:11:13,2024-07-11,TRON,10,2493,102,237,43,0.2947430746031121,87141725917.0,87141725095.0,0.0,TRX,0.13269312987121065,298399810.0,11563108354.0,0.9986,1.0195,1.029,1.1132,1.0743,1.7061,0,11,7,July,2024
00:11:34,2024-07-11,TRON,10,2493,102,237,43,0.2947430746031121,87141725917.0,87141725095.0,0.0,TRX,0.1327075351421663,298005797.0,11564363654.0,0.9987,1.0196,1.0291,1.1134,1.0745,1.7062,0,11,7,July,2024
00:13:19,2024-07-11,TRON,10,2493,102,237,43,0.2947430746031121,87141725917.0,87141725095.0,0.0,TRX,0.13282261695898537,297469575.0,11574392082.0,0.9996,1.0204,1.03,1.1143,1.0754,1.7077,0,11,7,July,2024
00:13:39,2024-07-11,TRON,10,2493,102,237,43,0.2947430746031121,87141725917.0,87141725095.0,0.0,TRX,0.13284813190330083,297332673.0,11576615498.0,0.9998,1.0206,1.0302,1.1145,1.0756,1.708,0,11,7,July,2024
00:14:17,2024-07-11,TRON,10,2493,102,237,43,0.2947430746031121,87141725917.0,87141725095.0,0.0,TRX,0.132758337983692,297052879.0,11568790701.0,0.9991,1.02,1.0295,1.1138,1.0749,1.7069,0,11,7,July,2024
00:19:52,2024-07-11,TRON,10,2493,102,237,43,0.2947430746031121,87141725917.0,87141725095.0,0.0,TRX,0.13271333050527542,296490297.0,11564868672.0,0.9999,1.0191,1.0291,1.1149,1.0762,1.7052,0,11,7,July,2024
00:20:13,2024-07-11,TRON,10,2493,102,237,43,0.2947430746031121,87141725917.0,87141725095.0,0.0,TRX,0.13271346852563037,296447463.0,11564880699.0,0.9999,1.0191,1.0291,1.1149,1.0762,1.7052,0,11,7,July,2024
00:25:52,2024-07-11,TRON,10,2493,102,237,43,0.2947430746031121,87141725917.0,87141725095.0,0.0,TRX,0.1328693254474784,296659906.0,11578462340.0,1.0028,1.0194,1.0308,1.1217,1.075,1.7066,0,11,7,July,2024
00:26:14,2024-07-11,TRON,10,2493,102,237,43,0.2947430746031121,87141725917.0,87141725095.0,0.0,TRX,0.1328688338703544,296591215.0,11578419504.0,1.0028,1.0194,1.0308,1.1217,1.075,1.7066,0,11,7,July,2024
00:37:37,2024-07-11,TRON,10,2493,102,237,43,0.2947430746031121,87141584608.0,87141584905.0,0.0,TRX,0.13301764215269948,292945683.0,11591368118.0,1.0018,1.0188,1.0334,1.1263,1.0775,1.706,0,11,7,July,2024
00:48:17,2024-07-11,TRON,10,2493,102,237,43,0.2947430746031121,87141584608.0,87141584905.0,0.0,TRX,0.13288765770301697,291867117.0,11580041067.0,0.9997,1.0187,1.0324,1.1235,1.0749,1.7045,0,11,7,July,2024
00:54:34,2024-07-11,TRON,10,2493,102,237,43,0.2947430746031121,87141584608.0,87141584905.0,0.0,TRX,0.13298578400128352,291594652.0,11588591948.0,1.0008,1.0201,1.0337,1.1254,1.0764,1.7065,0,11,7,July,2024
00:55:08,2024-07-11,TRON,10,2493,102,237,43,0.2947430746031121,87141584608.0,87141584905.0,0.0,TRX,0.13302096035868605,291645704.0,11591657271.0,1.001,1.0204,1.034,1.1257,1.0767,1.7069,0,11,7,July,2024
00:55:36,2024-07-11,TRON,10,2493,102,237,43,0.2947430746031121,87141584608.0,87141584905.0,0.0,TRX,0.1330209623622198,291591687.0,11591657446.0,1.001,1.0204,1.034,1.1257,1.0767,1.7069,0,11,7,July,2024
00:55:58,2024-07-11,TRON,10,2493,102,237,43,0.2947430746031121,87141584608.0,87141584905.0,0.0,TRX,0.1328990424611715,291407094.0,11581033152.0,1.0005,1.0198,1.0332,1.1233,1.0757,1.7084,0,11,7,July,2024
00:56:20,2024-07-11,TRON,10,2493,102,237,43,0.2947430746031121,87141584608.0,87141584905.0,0.0,TRX,0.1328996661867258,291329995.0,11581087505.0,1.0005,1.0198,1.0332,1.1233,1.0757,1.7084,0,11,7,July,2024
00:56:43,2024-07-11,TRON,10,2493,102,237,43,0.2947430746031121,87141584608.0,87141584905.0,0.0,TRX,0.1329214158170857,291204663.0,11582982802.0,1.0007,1.02,1.0333,1.1235,1.0759,1.7087,0,11,7,July,2024
00:57:05,2024-07-11,TRON,10,2493,102,237,43,0.2947430746031121,87141584608.0,87141584905.0,0.0,TRX,0.13292307720744237,291171182.0,11583127578.0,1.0007,1.02,1.0334,1.1235,1.0759,1.7087,0,11,7,July,2024
00:57:26,2024-07-11,TRON,10,2493,102,237,43,0.2947430746031121,87141584608.0,87141584905.0,0.0,TRX,0.13292282704236755,291131364.0,11583105779.0,1.0007,1.02,1.0333,1.1235,1.0759,1.7087,0,11,7,July,2024
00:57:48,2024-07-11,TRON,10,2493,102,237,43,0.2947430746031121,87141584608.0,87141584905.0,0.0,TRX,0.13299378867259715,291447033.0,11589289487.0,1.0012,1.0206,1.0339,1.1241,1.0765,1.7096,0,11,7,July,2024
00:58:11,2024-07-11,TRON,10,2493,102,237,43,0.2947430746031121,87141584608.0,87141584905.0,0.0,TRX,0.13299491519830645,291467928.0,11589387655.0,1.0012,1.0206,1.0339,1.1241,1.0765,1.7096,0,11,7,July,2024
00:58:33,2024-07-11,TRON,10,2493,102,237,43,0.2947430746031121,87141584608.0,87141584905.0,0.0,TRX,0.1329906434582246,291489172.0,11589015408.0,1.0012,1.0205,1.0339,1.1241,1.0765,1.7096,0,11,7,July,2024
00:58:54,2024-07-11,TRON,10,2493,102,237,43,0.2947430746031121,87141584608.0,87141584905.0,0.0,TRX,0.1329778142370985,291459166.0,11587897450.0,1.0011,1.0204,1.0338,1.124,1.0764,1.7094,0,11,7,July,2024
00:59:23,2024-07-11,TRON,10,2493,102,237,43,0.2947430746031121,87141584608.0,87141584905.0,0.0,TRX,0.13288317785763984,291175922.0,11579650686.0,1.0004,1.0197,1.033,1.1232,1.0756,1.7082,0,11,7,July,2024
00:59:44,2024-07-11,TRON,10,2493,102,237,43,0.2947430746031121,87141584608.0,87141584905.0,0.0,TRX,0.13288295734921943,291235270.0,11579631470.0,1.0004,1.0197,1.033,1.1232,1.0756,1.7082,0,11,7,July,2024
01:00:06,2024-07-11,TRON,10,2493,102,237,43,0.2947430746031121,87141584608.0,87141584905.0,0.0,TRX,0.1328823279069656,291177477.0,11579576620.0,1.0004,1.0197,1.033,1.1232,1.0756,1.7082,1,11,7,July,2024
01:00:26,2024-07-11,TRON,10,2493,102,237,43,0.2947430746031121,87141584608.0,87141584905.0,0.0,TRX,0.13288241173459897,291131953.0,11579583925.0,1.0004,1.0197,1.033,1.1232,1.0756,1.7082,1,11,7,July,2024
01:00:48,2024-07-11,TRON,10,2493,102,237,43,0.2947430746031121,87141584608.0,87141584905.0,0.0,TRX,0.13290413010694643,290417836.0,11581476498.0,1.0002,1.0201,1.0319,1.1233,1.0754,1.7058,1,11,7,July,2024
01:01:11,2024-07-11,TRON,10,2493,102,237,43,0.2947430746031121,87141584608.0,87141584905.0,0.0,TRX,0.13290423855333186,290369347.0,11581485948.0,1.0002,1.0201,1.0319,1.1233,1.0754,1.7058,1,11,7,July,2024
01:01:33,2024-07-11,TRON,10,2493,102,237,43,0.2947430746031121,87141584608.0,87141584905.0,0.0,TRX,0.1328942681827492,290087315.0,11580617114.0,1.0002,1.0201,1.0318,1.1232,1.0753,1.7057,1,11,7,July,2024
01:01:59,2024-07-11,TRON,10,2493,102,237,43,0.2947430746031121,87141584608.0,87141584905.0,0.0,TRX,0.13291545742494176,290084963.0,11582463578.0,1.0003,1.0202,1.032,1.1234,1.0755,1.7059,1,11,7,July,2024
01:02:18,2024-07-11,TRON,10,2493,102,237,43,0.2947430746031121,87141584608.0,87141584905.0,0.0,TRX,0.132915535547898,290012845.0,11582470386.0,1.0003,1.0202,1.032,1.1234,1.0755,1.7059,1,11,7,July,2024
01:02:40,2024-07-11,TRON,10,2493,102,237,43,0.2947430746031121,87141584608.0,87141584905.0,0.0,TRX,0.1329073971394249,289886765.0,11581761192.0,1.0003,1.0202,1.0319,1.1233,1.0754,1.7058,1,11,7,July,2024
01:03:07,2024-07-11,TRON,10,2493,102,237,43,0.2947430746031121,87141584608.0,87141584905.0,0.0,TRX,0.13298902906811247,289985922.0,11588874728.0,1.0009,1.0208,1.0326,1.124,1.0761,1.7069,1,11,7,July,2024
01:03:28,2024-07-11,TRON,10,2493,102,237,43,0.2947430746031121,87141584608.0,87141584905.0,0.0,TRX,0.1329891892985302,289857977.0,11588888691.0,1.0009,1.0208,1.0326,1.124,1.0761,1.7069,1,11,7,July,2024
01:03:50,2024-07-11,TRON,10,2493,102,237,43,0.2947430746031121,87141584608.0,87141584905.0,0.0,TRX,0.13292419207050263,289605741.0,11583224729.0,1.0004,1.0203,1.0321,1.1234,1.0756,1.706,1,11,7,July,2024
01:04:10,2024-07-11,TRON,10,2493,102,237,43,0.2947430746031121,87141584608.0,87141584905.0,0.0,TRX,0.13292418874544706,289552778.0,11583224440.0,1.0004,1.0203,1.0321,1.1234,1.0756,1.706,1,11,7,July,2024
01:04:43,2024-07-11,TRON,10,2493,102,237,43,0.2947430746031121,87141584608.0,87141584905.0,0.0,TRX,0.13293044011465152,289361156.0,11583769194.0,1.0004,1.0203,1.0321,1.1235,1.0756,1.7061,1,11,7,July,2024
01:07:46,2024-07-11,TRON,10,2493,102,237,43,0.2947430746031121,87141584608.0,87141584905.0,0.0,TRX,0.13292834880671628,289039581.0,11583586954.0,1.0013,1.0199,1.0311,1.1249,1.0745,1.7061,1,11,7,July,2024
01:08:34,2024-07-11,TRON,10,2493,102,237,43,0.2947430746031121,87141584608.0,87141584905.0,0.0,TRX,0.13292833323723424,288966883.0,11583585597.0,1.0013,1.0199,1.0311,1.1249,1.0745,1.7061,1,11,7,July,2024
01:09:23,2024-07-11,TRON,10,2493,102,237,43,0.2947430746031121,87141584608.0,87141584905.0,0.0,TRX,0.1329808261158934,289079676.0,11588159910.0,1.0017,1.0203,1.0315,1.1253,1.075,1.7068,1,11,7,July,2024
01:10:13,2024-07-11,TRON,10,2493,102,237,43,0.2947430746031121,87141584608.0,87141584905.0,0.0,TRX,0.13299094426538896,289005164.0,11589041621.0,1.0018,1.0204,1.0316,1.1254,1.075,1.7069,1,11,7,July,2024
01:10:59,2024-07-11,TRON,10,2493,102,237,43,0.2947430746031121,87141584608.0,87141584905.0,0.0,TRX,0.13299183070739148,289102992.0,11589118867.0,1.0018,1.0204,1.0316,1.1254,1.075,1.7069,1,11,7,July,2024
01:12:03,2024-07-11,TRON,10,2493,102,237,43,0.2947430746031121,87141584608.0,87141584905.0,0.0,TRX,0.1330279732188871,289189920.0,11592268383.0,1.0021,1.0207,1.0319,1.1257,1.0753,1.7074,1,11,7,July,2024
01:12:44,2024-07-11,TRON,10,2493,102,237,43,0.2947430746031121,87141584608.0,87141584905.0,0.0,TRX,0.13304214962043484,289160743.0,11593503737.0,1.0022,1.0208,1.032,1.1258,1.0754,1.7076,1,11,7,July,2024
01:13:40,2024-07-11,TRON,10,2493,102,237,43,0.2947430746031121,87141584608.0,87141584905.0,0.0,TRX,0.13302433012145096,289196500.0,11591950918.0,1.0021,1.0206,1.0318,1.1257,1.0753,1.7074,1,11,7,July,2024
01:14:29,2024-07-11,TRON,10,2493,102,237,43,0.2947430746031121,87141584608.0,87141584905.0,0.0,TRX,0.13303288115162545,289190175.0,11592696068.0,1.0021,1.0207,1.0319,1.1257,1.0754,1.7075,1,11,7,July,2024
01:15:06,2024-07-11,TRON,10,2493,102,237,43,0.2947430746031121,87141584608.0,87141584905.0,0.0,TRX,0.1330232528162525,289143495.0,11591857040.0,1.0021,1.0206,1.0318,1.1257,1.0753,1.7073,1,11,7,July,2024
01:15:53,2024-07-11,TRON,10,2493,102,237,43,0.2947430746031121,87141584608.0,87141584905.0,0.0,TRX,0.13304885760835067,289285266.0,11594088282.0,1.0023,1.0208,1.032,1.1259,1.0755,1.7077,1,11,7,July,2024
01:16:37,2024-07-11,TRON,10,2493,102,237,43,0.2947430746031121,87141584608.0,87141584905.0,0.0,TRX,0.1330478734999968,289241065.0,11594002525.0,1.0022,1.0208,1.032,1.1259,1.0755,1.7077,1,11,7,July,2024
01:17:34,2024-07-11,TRON,10,2493,102,237,43,0.2947430746031121,87141584608.0,87141584905.0,0.0,TRX,0.13304711681688045,289321421.0,11593936586.0,1.0021,1.0204,1.0311,1.1246,1.0757,1.7103,1,11,7,July,2024
01:18:24,2024-07-11,TRON,10,2493,102,237,43,0.2947430746031121,87141584608.0,87141584905.0,0.0,TRX,0.13296028601231996,289151479.0,11586370013.0,1.0015,1.0198,1.0304,1.1239,1.075,1.7092,1,11,7,July,2024
01:19:13,2024-07-11,TRON,10,2493,102,237,43,0.2947430746031121,87141584608.0,87141584905.0,0.0,TRX,0.13295070539469694,289028578.0,11585535142.0,1.0014,1.0197,1.0303,1.1238,1.075,1.7091,1,11,7,July,2024
01:20:05,2024-07-11,TRON,10,2493,102,237,43,0.2947430746031121,87141584608.0,87141584905.0,0.0,TRX,0.1329514938163792,289103251.0,11585603847.0,1.0014,1.0197,1.0303,1.1238,1.075,1.7091,1,11,7,July,2024
01:20:48,2024-07-11,TRON,10,2493,102,237,43,0.2947430746031121,87141584608.0,87141584905.0,0.0,TRX,0.1330716875335709,289430634.0,11596077718.0,1.0023,1.0206,1.0313,1.1248,1.0759,1.7106,1,11,7,July,2024
01:21:41,2024-07-11,TRON,10,2493,102,237,43,0.2947430746031121,87141584608.0,87141584905.0,0.0,TRX,0.1330782985227203,289405364.0,11596653810.0,1.0024,1.0207,1.0313,1.1249,1.076,1.7107,1,11,7,July,2024
01:22:51,2024-07-11,TRON,10,2493,102,237,43,0.2947430746031121,87141584608.0,87141584905.0,0.0,TRX,0.13307828588213927,289382214.0,11596652708.0,1.0024,1.0207,1.0313,1.1249,1.076,1.7107,1,11,7,July,2024
01:23:53,2024-07-11,TRON,10,2493,102,237,43,0.2947430746031121,87141584608.0,87141584905.0,0.0,TRX,0.13307810134301915,289342268.0,11596636627.0,1.0019,1.0213,1.0312,1.1259,1.0748,1.7121,1,11,7,July,2024
01:24:50,2024-07-11,TRON,10,2493,102,237,43,0.2947430746031121,87141584608.0,87141584905.0,0.0,TRX,0.1331101745658418,289393775.0,11599431539.0,1.0021,1.0215,1.0314,1.1261,1.0751,1.7125,1,11,7,July,2024
01:25:55,2024-07-11,TRON,10,2493,102,237,43,0.2947430746031121,87141584608.0,87141584905.0,0.0,TRX,0.13310990015281116,289311290.0,11599407626.0,1.0021,1.0215,1.0314,1.1261,1.0751,1.7125,1,11,7,July,2024
01:26:54,2024-07-11,TRON,10,2493,102,237,43,0.2947430746031121,87141584608.0,87141584905.0,0.0,TRX,0.1331403141204275,289391386.0,11602057947.0,1.0023,1.0218,1.0316,1.1264,1.0753,1.7129,1,11,7,July,2024
01:27:52,2024-07-11,TRON,10,2493,102,237,43,0.2947430746031121,87141584608.0,87141584905.0,0.0,TRX,0.13314466780932105,289351910.0,11602437335.0,1.0024,1.0218,1.0317,1.1264,1.0754,1.713,1,11,7,July,2024
01:28:50,2024-07-11,TRON,10,2493,102,237,43,0.2947430746031121,87141584608.0,87141584905.0,0.0,TRX,0.13314466763599875,289321926.0,11602437319.0,1.0024,1.0218,1.0317,1.1264,1.0754,1.713,1,11,7,July,2024
01:29:41,2024-07-11,TRON,10,2493,102,237,43,0.2947430746031121,87141584608.0,87141584905.0,0.0,TRX,0.13317167972954416,289504964.0,11604791196.0,1.0026,1.022,1.0319,1.1267,1.0756,1.7133,1,11,7,July,2024
01:30:38,2024-07-11,TRON,10,2493,102,237,43,0.2947430746031121,87141584608.0,87141584905.0,0.0,TRX,0.13330304270991783,289933618.0,11616238374.0,1.0035,1.023,1.0329,1.1278,1.0767,1.715,1,11,7,July,2024
01:31:28,2024-07-11,TRON,10,2493,102,237,43,0.2947430746031121,87141584608.0,87141584905.0,0.0,TRX,0.13330327068694522,289973868.0,11616258241.0,1.0036,1.023,1.0329,1.1278,1.0767,1.715,1,11,7,July,2024
01:32:13,2024-07-11,TRON,10,2493,102,237,43,0.2947430746031121,87141584608.0,87141584905.0,0.0,TRX,0.13320870429366335,289933497.0,11608017575.0,1.0028,1.0223,1.0322,1.127,1.0759,1.7138,1,11,7,July,2024
01:33:07,2024-07-11,TRON,10,2493,102,237,43,0.2947430746031121,87141584608.0,87141584905.0,0.0,TRX,0.13321817026818913,289903633.0,11608842455.0,1.0029,1.0224,1.0322,1.1271,1.076,1.7139,1,11,7,July,2024
01:33:58,2024-07-11,TRON,10,2493,102,237,43,0.2947430746031121,87141584608.0,87141584905.0,0.0,TRX,0.13324857086596226,290080036.0,11611491612.0,1.0031,1.0226,1.0325,1.1273,1.0762,1.7143,1,11,7,July,2024
01:34:50,2024-07-11,TRON,10,2493,102,237,43,0.2947430746031121,87141584608.0,87141584905.0,0.0,TRX,0.13324813501727953,290030440.0,11611453631.0,1.0031,1.0226,1.0325,1.1273,1.0762,1.7143,1,11,7,July,2024
01:35:39,2024-07-11,TRON,10,2493,102,237,43,0.2947430746031121,87141584608.0,87141584905.0,0.0,TRX,0.13318263714358786,290424858.0,11605746042.0,1.0035,1.0225,1.0322,1.1266,1.0778,1.7134,1,11,7,July,2024
01:36:22,2024-07-11,TRON,10,2493,102,237,43,0.2947430746031121,87141584608.0,87141584905.0,0.0,TRX,0.13325826072187671,290628930.0,11612336001.0,1.0041,1.023,1.0328,1.1273,1.0785,1.7144,1,11,7,July,2024
01:37:20,2024-07-11,TRON,10,2493,102,237,43,0.2947430746031121,87141584608.0,87141584905.0,0.0,TRX,0.13325860469189615,290591426.0,11612365975.0,1.0041,1.023,1.0328,1.1273,1.0785,1.7144,1,11,7,July,2024
01:38:14,2024-07-11,TRON,10,2493,102,237,43,0.2947430746031121,87141584608.0,87141584905.0,0.0,TRX,0.1333151655602344,291448155.0,11617294779.0,1.0045,1.0235,1.0333,1.1278,1.0789,1.7151,1,11,7,July,2024
01:39:10,2024-07-11,TRON,10,2493,102,237,43,0.2947430746031121,87141584608.0,87141584905.0,0.0,TRX,0.1333157684585567,291398049.0,11617347316.0,1.0045,1.0235,1.0333,1.1278,1.0789,1.7151,1,11,7,July,2024
01:40:01,2024-07-11,TRON,10,2493,102,237,43,0.2947430746031121,87141584608.0,87141584905.0,0.0,TRX,0.13331586893427408,291516033.0,11617356072.0,1.0045,1.0235,1.0333,1.1278,1.0789,1.7152,1,11,7,July,2024
01:40:55,2024-07-11,TRON,10,2493,102,237,43,0.2947430746031121,87141584608.0,87141584905.0,0.0,TRX,0.13331482167815817,291440657.0,11617264812.0,1.0045,1.0235,1.0333,1.1278,1.0789,1.7151,1,11,7,July,2024
01:41:55,2024-07-11,TRON,10,2493,102,237,43,0.2947430746031121,87141584608.0,87141584905.0,0.0,TRX,0.1332932598737619,291447423.0,11615385882.0,1.0043,1.0233,1.0331,1.1276,1.0787,1.7149,1,11,7,July,2024
01:42:58,2024-07-11,TRON,10,2493,102,237,43,0.2947430746031121,87141584608.0,87141584905.0,0.0,TRX,0.13330261756680103,291634310.0,11616201327.0,1.0044,1.0234,1.0332,1.1277,1.0788,1.715,1,11,7,July,2024
01:43:56,2024-07-11,TRON,10,2493,102,237,43,0.2947430746031121,87141584608.0,87141584905.0,0.0,TRX,0.13328433632984635,291571949.0,11614608271.0,1.0024,1.0247,1.0335,1.1262,1.0774,1.7136,1,11,7,July,2024
01:44:49,2024-07-11,TRON,10,2493,102,237,43,0.2947430746031121,87141584608.0,87141584905.0,0.0,TRX,0.13335193578287916,292060014.0,11620498994.0,1.0029,1.0253,1.034,1.1268,1.078,1.7145,1,11,7,July,2024
01:45:35,2024-07-11,TRON,10,2493,102,237,43,0.2947430746031121,87141584608.0,87141584905.0,0.0,TRX,0.13334462288647264,292003885.0,11619861737.0,1.0028,1.0252,1.0339,1.1267,1.0779,1.7144,1,11,7,July,2024
01:46:38,2024-07-11,TRON,10,2493,102,237,43,0.2947430746031121,87141584608.0,87141584905.0,0.0,TRX,0.1333350429408842,292050810.0,11619026925.0,1.0027,1.0251,1.0338,1.1266,1.0778,1.7143,1,11,7,July,2024
01:47:30,2024-07-11,TRON,10,2493,102,237,43,0.2947430746031121,87141584608.0,87141584905.0,0.0,TRX,0.13335453530881278,292127036.0,11620725521.0,1.0029,1.0253,1.034,1.1268,1.078,1.7145,1,11,7,July,2024
01:48:25,2024-07-11,TRON,10,2493,102,237,43,0.2947430746031121,87141584608.0,87141584905.0,0.0,TRX,0.13336340254851853,292026175.0,11621498226.0,1.003,1.0254,1.0341,1.1269,1.0781,1.7147,1,11,7,July,2024
01:49:04,2024-07-11,TRON,10,2493,102,237,43,0.2947430746031121,87141584608.0,87141584905.0,0.0,TRX,0.1333634166002257,292185906.0,11621499451.0,1.003,1.0254,1.0341,1.1269,1.0781,1.7147,1,11,7,July,2024
01:49:54,2024-07-11,TRON,10,2493,102,237,43,0.2947430746031121,87141584608.0,87141584905.0,0.0,TRX,0.13327771683260015,292015131.0,11614031437.0,1.0023,1.0247,1.0334,1.1262,1.0774,1.7136,1,11,7,July,2024
01:50:43,2024-07-11,TRON,10,2493,102,237,43,0.2947430746031121,87141584608.0,87141584905.0,0.0,TRX,0.13327630254968598,291880404.0,11613908194.0,1.0014,1.0242,1.0335,1.1258,1.0778,1.7109,1,11,7,July,2024
01:51:45,2024-07-11,TRON,10,2493,102,237,43,0.2947430746031121,87141584608.0,87141584905.0,0.0,TRX,0.13338375233369654,292180131.0,11623271539.0,1.0022,1.025,1.0344,1.1268,1.0787,1.7123,1,11,7,July,2024
01:52:28,2024-07-11,TRON,10,2493,102,237,43,0.2947430746031121,87141584608.0,87141584905.0,0.0,TRX,0.1333855898786577,292119393.0,11623431665.0,1.0022,1.025,1.0344,1.1268,1.0787,1.7124,1,11,7,July,2024
01:53:31,2024-07-11,TRON,10,2493,102,237,43,0.2947430746031121,87141584608.0,87141584905.0,0.0,TRX,0.1333444803548996,292097008.0,11619849316.0,1.0019,1.0247,1.0341,1.1264,1.0784,1.7118,1,11,7,July,2024
01:54:35,2024-07-11,TRON,10,2493,102,237,43,0.2947430746031121,87141584608.0,87141584905.0,0.0,TRX,0.13336973211319314,292139641.0,11622049795.0,1.0021,1.0249,1.0343,1.1266,1.0786,1.7121,1,11,7,July,2024
01:55:40,2024-07-11,TRON,10,2493,102,237,43,0.2947430746031121,87141584608.0,87141584905.0,0.0,TRX,0.13336966092774338,292129979.0,11622043591.0,1.0021,1.0249,1.0343,1.1266,1.0786,1.7121,1,11,7,July,2024
01:56:44,2024-07-11,TRON,10,2493,102,237,43,0.2947430746031121,87141584608.0,87141584905.0,0.0,TRX,0.133407696901444,292344868.0,11625358106.0,1.0024,1.0252,1.0346,1.127,1.0789,1.7126,1,11,7,July,2024
01:57:42,2024-07-11,TRON,10,2493,102,237,43,0.2947430746031121,87141584608.0,87141584905.0,0.0,TRX,0.13340911480309148,292294195.0,11625481665.0,1.0024,1.0252,1.0346,1.127,1.0789,1.7127,1,11,7,July,2024
01:58:36,2024-07-11,TRON,10,2493,102,237,43,0.2947430746031121,87141584608.0,87141584905.0,0.0,TRX,0.13340155890921918,292334905.0,11624823232.0,1.0023,1.0251,1.0345,1.1269,1.0788,1.7126,1,11,7,July,2024
01:59:16,2024-07-11,TRON,10,2493,102,237,43,0.2947430746031121,87141584608.0,87141584905.0,0.0,TRX,0.13338727413771248,292263034.0,11623578434.0,1.0022,1.025,1.0344,1.1268,1.0787,1.7124,1,11,7,July,2024
02:00:14,2024-07-11,TRON,10,2493,102,237,43,0.2947430746031121,87141584608.0,87141584905.0,0.0,TRX,0.13338043220200088,292178150.0,11622982217.0,1.0022,1.025,1.0344,1.1267,1.0787,1.7123,2,11,7,July,2024
02:01:09,2024-07-11,TRON,10,2493,102,237,43,0.2947430746031121,87141584608.0,87141584905.0,0.0,TRX,0.13331068426542242,291404679.0,11616904272.0,1.0017,1.0244,1.0338,1.1261,1.0781,1.7114,2,11,7,July,2024
02:02:06,2024-07-11,TRON,10,2493,102,237,43,0.2947430746031121,87141584608.0,87141584905.0,0.0,TRX,0.1333107362296798,291301769.0,11616908800.0,1.0017,1.0244,1.0338,1.1261,1.0781,1.7114,2,11,7,July,2024
02:03:04,2024-07-11,TRON,10,2493,102,237,43,0.2947430746031121,87141584608.0,87141584905.0,0.0,TRX,0.13337500850269882,291221286.0,11622509588.0,1.0031,1.0261,1.0343,1.1257,1.0775,1.7138,2,11,7,July,2024
02:03:55,2024-07-11,TRON,10,2493,102,237,43,0.2947430746031121,87141584608.0,87141584905.0,0.0,TRX,0.13335682019970832,291076745.0,11620924630.0,1.003,1.026,1.0341,1.1256,1.0774,1.7136,2,11,7,July,2024
02:04:47,2024-07-11,TRON,10,2493,102,237,43,0.2947430746031121,87141584608.0,87141584905.0,0.0,TRX,0.13334756050070373,290983836.0,11620117725.0,1.0029,1.0259,1.0341,1.1255,1.0773,1.7135,2,11,7,July,2024
02:05:32,2024-07-11,TRON,10,2493,102,237,43,0.2947430746031121,87141584608.0,87141584905.0,0.0,TRX,0.1333395025936206,291024160.0,11619415546.0,1.0028,1.0258,1.034,1.1254,1.0772,1.7134,2,11,7,July,2024
02:06:25,2024-07-11,TRON,10,2493,102,237,43,0.2947430746031121,87141584608.0,87141584905.0,0.0,TRX,0.13333964118029037,290754868.0,11619427623.0,1.0028,1.0258,1.034,1.1254,1.0773,1.7134,2,11,7,July,2024
02:07:26,2024-07-11,TRON,10,2493,102,237,43,0.2947430746031121,87141584608.0,87141584905.0,0.0,TRX,0.13318163759987145,289811035.0,11605658941.0,1.0017,1.0246,1.0328,1.1241,1.076,1.7114,2,11,7,July,2024
02:08:35,2024-07-11,TRON,10,2493,102,237,43,0.2947430746031121,87141584608.0,87141584905.0,0.0,TRX,0.13324938029825872,289938992.0,11611562147.0,1.0022,1.0251,1.0333,1.1247,1.0765,1.7122,2,11,7,July,2024
02:09:33,2024-07-11,TRON,10,2493,102,237,43,0.2947430746031121,87141584608.0,87141584905.0,0.0,TRX,0.13325356547333414,289931882.0,11611926850.0,1.0022,1.0252,1.0333,1.1247,1.0766,1.7123,2,11,7,July,2024
02:10:24,2024-07-11,TRON,10,2493,102,237,43,0.2947430746031121,87141584608.0,87141584905.0,0.0,TRX,0.1333102985919879,290013853.0,11616870663.0,1.0026,1.0256,1.0338,1.1252,1.077,1.713,2,11,7,July,2024
02:11:16,2024-07-11,TRON,10,2493,102,237,43,0.2947430746031121,87141584608.0,87141584905.0,0.0,TRX,0.133219831631671,289778608.0,11608987229.0,1.0016,1.0257,1.0327,1.1228,1.0762,1.7104,2,11,7,July,2024
02:12:15,2024-07-11,TRON,10,2493,102,237,43,0.2947430746031121,87141584608.0,87141584905.0,0.0,TRX,0.13322733017122557,289728100.0,11609640664.0,1.0017,1.0258,1.0328,1.1229,1.0762,1.7105,2,11,7,July,2024
02:13:11,2024-07-11,TRON,10,2493,102,237,43,0.2947430746031121,87141584608.0,87141584905.0,0.0,TRX,0.13329386478623453,289741538.0,11615438595.0,1.0022,1.0263,1.0333,1.1234,1.0768,1.7114,2,11,7,July,2024
02:14:05,2024-07-11,TRON,10,2493,102,237,43,0.2947430746031121,87141584608.0,87141584905.0,0.0,TRX,0.13329437060103744,289660340.0,11615482673.0,1.0022,1.0263,1.0333,1.1234,1.0768,1.7114,2,11,7,July,2024
02:14:47,2024-07-11,TRON,10,2493,102,237,43,0.2947430746031121,87141584608.0,87141584905.0,0.0,TRX,0.13331160280827636,289728655.0,11616984315.0,1.0023,1.0264,1.0334,1.1236,1.0769,1.7116,2,11,7,July,2024
02:15:38,2024-07-11,TRON,10,2493,102,237,43,0.2947430746031121,87141584608.0,87141584905.0,0.0,TRX,0.13335245121654468,289657222.0,11620543910.0,1.0026,1.0267,1.0337,1.1239,1.0773,1.7121,2,11,7,July,2024
02:16:32,2024-07-11,TRON,10,2493,102,237,43,0.2947430746031121,87141584608.0,87141584905.0,0.0,TRX,0.13337432415056408,289490014.0,11622449952.0,1.0028,1.0269,1.0339,1.1241,1.0774,1.7124,2,11,7,July,2024
02:17:25,2024-07-11,TRON,10,2493,102,237,43,0.2947430746031121,87141584608.0,87141584905.0,0.0,TRX,0.13333569481383034,289384014.0,11619083730.0,1.0025,1.0266,1.0336,1.1238,1.0771,1.7119,2,11,7,July,2024
02:18:15,2024-07-11,TRON,10,2493,102,237,43,0.2947430746031121,87141584608.0,87141584905.0,0.0,TRX,0.13333831088421336,289319410.0,11619311699.0,1.0025,1.0266,1.0336,1.1238,1.0771,1.7119,2,11,7,July,2024
02:19:02,2024-07-11,TRON,10,2493,102,237,43,0.2947430746031121,87141584608.0,87141584905.0,0.0,TRX,0.13337737415747183,289452632.0,11622715734.0,1.0028,1.0269,1.0339,1.1241,1.0775,1.7124,2,11,7,July,2024
02:20:00,2024-07-11,TRON,10,2493,102,237,43,0.2947430746031121,87141584608.0,87141584905.0,0.0,TRX,0.13337717057180906,289427285.0,11622697994.0,1.0028,1.0269,1.0339,1.1241,1.0775,1.7124,2,11,7,July,2024
02:20:42,2024-07-11,TRON,10,2493,102,237,43,0.2947430746031121,87141584608.0,87141584905.0,0.0,TRX,0.13334950604049214,289376365.0,11620287263.0,1.0026,1.0267,1.0337,1.1239,1.0772,1.7121,2,11,7,July,2024
02:21:33,2024-07-11,TRON,10,2493,102,237,43,0.2947430746031121,87141584608.0,87141584905.0,0.0,TRX,0.133281108323254,289071460.0,11614326977.0,1.0024,1.0247,1.0346,1.1208,1.0774,1.7128,2,11,7,July,2024
02:22:29,2024-07-11,TRON,10,2493,102,237,43,0.2947430746031121,87141584608.0,87141584905.0,0.0,TRX,0.13338267566631556,289270759.0,11623177716.0,1.0032,1.0255,1.0354,1.1216,1.0782,1.7141,2,11,7,July,2024
02:23:19,2024-07-11,TRON,10,2493,102,237,43,0.2947430746031121,87141584608.0,87141584905.0,0.0,TRX,0.13338280824809978,289202745.0,11623189270.0,1.0032,1.0255,1.0354,1.1216,1.0783,1.7141,2,11,7,July,2024
02:24:14,2024-07-11,TRON,10,2493,102,237,43,0.2947430746031121,87141584608.0,87141584905.0,0.0,TRX,0.13337972540651616,289176426.0,11622920626.0,1.0032,1.0254,1.0354,1.1216,1.0782,1.7141,2,11,7,July,2024
02:24:58,2024-07-11,TRON,10,2493,102,237,43,0.2947430746031121,87141584608.0,87141584905.0,0.0,TRX,0.13338603244009614,289155972.0,11623470231.0,1.0032,1.0255,1.0354,1.1216,1.0783,1.7142,2,11,7,July,2024
02:25:47,2024-07-11,TRON,10,2493,102,237,43,0.2947430746031121,87141584608.0,87141584905.0,0.0,TRX,0.1334053400821677,289176959.0,11625152729.0,1.0039,1.025,1.035,1.1264,1.0786,1.7156,2,11,7,July,2024
02:26:41,2024-07-11,TRON,10,2493,102,237,43,0.2947430746031121,87141584608.0,87141584905.0,0.0,TRX,0.13328602852290092,288937159.0,11614755731.0,1.003,1.0241,1.034,1.1254,1.0777,1.714,2,11,7,July,2024
02:27:43,2024-07-11,TRON,10,2493,102,237,43,0.2947430746031121,87141584608.0,87141584905.0,0.0,TRX,0.13329003178493593,288943111.0,11615104582.0,1.0031,1.0241,1.0341,1.1254,1.0777,1.7141,2,11,7,July,2024
02:28:35,2024-07-11,TRON,10,2493,102,237,43,0.2947430746031121,87141584608.0,87141584905.0,0.0,TRX,0.13344868654499223,289577951.0,11628930009.0,1.0043,1.0254,1.0353,1.1267,1.079,1.7161,2,11,7,July,2024
02:29:26,2024-07-11,TRON,10,2493,102,237,43,0.2947430746031121,87141584608.0,87141584905.0,0.0,TRX,0.13336561360387614,289435174.0,11621690901.0,1.0036,1.0247,1.0346,1.126,1.0783,1.715,2,11,7,July,2024
02:30:12,2024-07-11,TRON,10,2493,102,237,43,0.2947430746031121,87141584608.0,87141584905.0,0.0,TRX,0.13342641326909402,289667459.0,11626989080.0,1.0041,1.0252,1.0351,1.1266,1.0788,1.7158,2,11,7,July,2024
02:30:58,2024-07-11,TRON,10,2493,102,237,43,0.2947430746031121,87141584608.0,87141584905.0,0.0,TRX,0.13342708056048225,289779442.0,11627047229.0,1.0041,1.0252,1.0351,1.1266,1.0788,1.7158,2,11,7,July,2024
02:31:58,2024-07-11,TRON,10,2493,102,237,43,0.2947430746031121,87141584608.0,87141584905.0,0.0,TRX,0.13350065014463813,289829711.0,11633458199.0,1.0036,1.0267,1.0362,1.1245,1.0794,1.7138,2,11,7,July,2024
02:32:52,2024-07-11,TRON,10,2493,102,237,43,0.2947430746031121,87141584608.0,87141584905.0,0.0,TRX,0.13350109132642485,289761445.0,11633496645.0,1.0036,1.0267,1.0363,1.1245,1.0794,1.7138,2,11,7,July,2024
02:33:48,2024-07-11,TRON,10,2493,102,237,43,0.2947430746031121,87141584608.0,87141584905.0,0.0,TRX,0.1334887029296794,289595568.0,11632417100.0,1.0035,1.0266,1.0362,1.1244,1.0793,1.7137,2,11,7,July,2024
02:34:40,2024-07-11,TRON,10,2493,102,237,43,0.2947430746031121,87141584608.0,87141584905.0,0.0,TRX,0.13348882247494412,289624204.0,11632427517.0,1.0035,1.0266,1.0362,1.1244,1.0793,1.7137,2,11,7,July,2024
02:35:29,2024-07-11,TRON,10,2493,102,237,43,0.2947430746031121,87141584608.0,87141584905.0,0.0,TRX,0.13342459661671321,289523648.0,11626830774.0,1.004,1.0267,1.0356,1.1244,1.0772,1.7146,2,11,7,July,2024
02:36:22,2024-07-11,TRON,10,2493,102,237,43,0.2947430746031121,87141584608.0,87141584905.0,0.0,TRX,0.13343225338181086,289970667.0,11627497997.0,1.0041,1.0268,1.0357,1.1244,1.0773,1.7147,2,11,7,July,2024
02:37:17,2024-07-11,TRON,10,2493,102,237,43,0.2947430746031121,87141584608.0,87141584905.0,0.0,TRX,0.13343141591215055,289953733.0,11627425019.0,1.0041,1.0268,1.0357,1.1244,1.0773,1.7146,2,11,7,July,2024
02:38:42,2024-07-11,TRON,10,2493,102,237,43,0.2947430746031121,87141584608.0,87141584905.0,0.0,TRX,0.13355123670988733,290677259.0,11637866393.0,1.005,1.0277,1.0366,1.1254,1.0782,1.7162,2,11,7,July,2024
02:39:50,2024-07-11,TRON,10,2493,102,237,43,0.2947430746031121,87141584608.0,87141584905.0,0.0,TRX,0.1335541728900454,290656413.0,11638122256.0,1.005,1.0277,1.0366,1.1254,1.0782,1.7162,2,11,7,July,2024
02:40:38,2024-07-11,TRON,10,2493,102,237,43,0.2947430746031121,87141584608.0,87141584905.0,0.0,TRX,0.13352578669606555,290787258.0,11635648638.0,1.0048,1.0275,1.0364,1.1252,1.078,1.7159,2,11,7,July,2024
02:41:26,2024-07-11,TRON,10,2493,102,237,43,0.2947430746031121,87141584608.0,87141584905.0,0.0,TRX,0.13352348202979655,290806392.0,11635447806.0,1.0048,1.0275,1.0364,1.1252,1.078,1.7158,2,11,7,July,2024
02:42:20,2024-07-11,TRON,10,2493,102,237,43,0.2947430746031121,87141584608.0,87141584905.0,0.0,TRX,0.1335236685998378,290745200.0,11635464064.0,1.0048,1.0275,1.0364,1.1252,1.078,1.7158,2,11,7,July,2024
02:43:13,2024-07-11,TRON,10,2493,102,237,43,0.2947430746031121,87141584608.0,87141584905.0,0.0,TRX,0.13353257973631408,290991236.0,11636240595.0,1.0048,1.0276,1.0365,1.1253,1.0781,1.7159,2,11,7,July,2024
02:44:08,2024-07-11,TRON,10,2493,102,237,43,0.2947430746031121,87141584608.0,87141584905.0,0.0,TRX,0.13362345889544539,291192080.0,11644159948.0,1.0045,1.0281,1.0371,1.1267,1.0793,1.7171,2,11,7,July,2024
02:44:49,2024-07-11,TRON,10,2493,102,237,43,0.2947430746031121,87141584608.0,87141584905.0,0.0,TRX,0.13361247927869624,291123241.0,11643203167.0,1.0044,1.028,1.037,1.1266,1.0792,1.717,2,11,7,July,2024
02:45:43,2024-07-11,TRON,10,2493,102,237,43,0.2947430746031121,87141584608.0,87141584905.0,0.0,TRX,0.13364367437106994,291352530.0,11645921557.0,1.0047,1.0283,1.0373,1.1268,1.0794,1.7174,2,11,7,July,2024
02:46:33,2024-07-11,TRON,10,2493,102,237,43,0.2947430746031121,87141584608.0,87141584905.0,0.0,TRX,0.13364443897440448,291304418.0,11645988186.0,1.0047,1.0283,1.0373,1.1268,1.0794,1.7174,2,11,7,July,2024
02:47:21,2024-07-11,TRON,10,2493,102,237,43,0.2947430746031121,87141584608.0,87141584905.0,0.0,TRX,0.13353562008394718,291532934.0,11636505535.0,1.0039,1.0274,1.0364,1.1259,1.0786,1.716,2,11,7,July,2024
02:48:18,2024-07-11,TRON,10,2493,102,237,43,0.2947430746031121,87141584608.0,87141584905.0,0.0,TRX,0.13340189951194256,291468012.0,11624852913.0,1.0029,1.0264,1.0354,1.1248,1.0775,1.7143,2,11,7,July,2024
02:49:11,2024-07-11,TRON,10,2493,102,237,43,0.2947430746031121,87141584608.0,87141584905.0,0.0,TRX,0.13338610962966885,291451686.0,11623476957.0,1.0027,1.0263,1.0353,1.1247,1.0774,1.7141,2,11,7,July,2024
02:50:07,2024-07-11,TRON,10,2493,102,237,43,0.2947430746031121,87141584608.0,87141584905.0,0.0,TRX,0.13337485888620382,291425595.0,11622496550.0,1.0025,1.0259,1.0337,1.1231,1.0777,1.7166,2,11,7,July,2024
02:50:56,2024-07-11,TRON,10,2493,102,237,43,0.2947430746031121,87141584608.0,87141584905.0,0.0,TRX,0.1336041694249865,292022365.0,11642479033.0,1.0042,1.0277,1.0355,1.125,1.0796,1.7196,2,11,7,July,2024
02:51:55,2024-07-11,TRON,10,2493,102,237,43,0.2947430746031121,87141584608.0,87141584905.0,0.0,TRX,0.13360434039882396,292005511.0,11642493932.0,1.0042,1.0277,1.0355,1.125,1.0796,1.7196,2,11,7,July,2024
02:52:41,2024-07-11,TRON,10,2493,102,237,43,0.2947430746031121,87141584608.0,87141584905.0,0.0,TRX,0.13367044826845437,292257793.0,11648254677.0,1.0047,1.0282,1.036,1.1255,1.0801,1.7204,2,11,7,July,2024
02:53:36,2024-07-11,TRON,10,2493,102,237,43,0.2947430746031121,87141584608.0,87141584905.0,0.0,TRX,0.13358796651472718,292083586.0,11641067086.0,1.0041,1.0275,1.0353,1.1248,1.0794,1.7194,2,11,7,July,2024
02:54:26,2024-07-11,TRON,10,2493,102,237,43,0.2947430746031121,87141584608.0,87141584905.0,0.0,TRX,0.1336264233353182,292893944.0,11644418274.0,1.0044,1.0278,1.0356,1.1252,1.0797,1.7199,2,11,7,July,2024
02:55:15,2024-07-11,TRON,10,2493,102,237,43,0.2947430746031121,87141584608.0,87141584905.0,0.0,TRX,0.13353437691803846,293101159.0,11636397204.0,1.0037,1.0271,1.0349,1.1244,1.079,1.7187,2,11,7,July,2024
02:56:14,2024-07-11,TRON,10,2493,102,237,43,0.2947430746031121,87141584608.0,87141584905.0,0.0,TRX,0.13353482374221234,293094967.0,11636436141.0,1.0037,1.0271,1.0349,1.1244,1.079,1.7187,2,11,7,July,2024
02:57:16,2024-07-11,TRON,10,2493,102,237,43,0.2947430746031121,87141584608.0,87141584905.0,0.0,TRX,0.13353891956423974,293025463.0,11636793057.0,1.0038,1.0272,1.035,1.1244,1.079,1.7188,2,11,7,July,2024
02:58:10,2024-07-11,TRON,10,2493,102,237,43,0.2947430746031121,87141584608.0,87141584905.0,0.0,TRX,0.1336021002655876,293154754.0,11642298724.0,1.0042,1.0277,1.0355,1.125,1.0796,1.7196,2,11,7,July,2024
02:59:00,2024-07-11,TRON,10,2493,102,237,43,0.2947430746031121,87141584608.0,87141584905.0,0.0,TRX,0.13359971936632326,293083332.0,11642091248.0,1.0042,1.0276,1.0354,1.1249,1.0795,1.7195,2,11,7,July,2024
02:59:48,2024-07-11,TRON,10,2493,102,237,43,0.2947430746031121,87141584608.0,87141584905.0,0.0,TRX,0.13356420862464513,293044779.0,11638996786.0,1.0036,1.027,1.0344,1.1247,1.0813,1.7216,2,11,7,July,2024
03:00:36,2024-07-11,TRON,10,2493,102,237,43,0.2947430746031121,87141584608.0,87141584905.0,0.0,TRX,0.13364831992258547,293254904.0,11646326378.0,1.0042,1.0276,1.0351,1.1254,1.082,1.7227,3,11,7,July,2024
03:01:23,2024-07-11,TRON,10,2493,102,237,43,0.2947430746031121,87141584608.0,87141584905.0,0.0,TRX,0.13370438262869316,293495581.0,11651211771.0,1.0047,1.028,1.0355,1.1259,1.0824,1.7235,3,11,7,July,2024
03:02:19,2024-07-11,TRON,10,2493,102,237,43,0.2947430746031121,87141584608.0,87141584905.0,0.0,TRX,0.13367000188255956,293487228.0,11648215778.0,1.0044,1.0278,1.0352,1.1256,1.0821,1.723,3,11,7,July,2024
03:02:56,2024-07-11,TRON,10,2493,102,237,43,0.2947430746031121,87141584608.0,87141584905.0,0.0,TRX,0.13367125108430336,293490586.0,11648324636.0,1.0044,1.0278,1.0352,1.1256,1.0821,1.723,3,11,7,July,2024
03:03:49,2024-07-11,TRON,10,2493,102,237,43,0.2947430746031121,87141584608.0,87141584905.0,0.0,TRX,0.13370816018662024,294075328.0,11651540953.0,1.0047,1.0281,1.0355,1.1259,1.0824,1.7235,3,11,7,July,2024
03:04:46,2024-07-11,TRON,10,2493,102,237,43,0.2947430746031121,87141584608.0,87141584905.0,0.0,TRX,0.13367487735167685,294384739.0,11648640634.0,1.0044,1.0278,1.0353,1.1256,1.0822,1.7231,3,11,7,July,2024
03:05:39,2024-07-11,TRON,10,2493,102,237,43,0.2947430746031121,87141584608.0,87141584905.0,0.0,TRX,0.13358267237340962,294537469.0,11640605746.0,1.0037,1.0271,1.0345,1.1248,1.0814,1.7219,3,11,7,July,2024
03:06:33,2024-07-11,TRON,10,2493,102,237,43,0.2947430746031121,87141584608.0,87141584905.0,0.0,TRX,0.1338699187394793,296255147.0,11665636850.0,1.0046,1.0294,1.0369,1.1273,1.0815,1.7245,3,11,7,July,2024
03:07:32,2024-07-11,TRON,10,2493,102,237,43,0.2947430746031121,87141584608.0,87141584905.0,0.0,TRX,0.13379328667936977,296277566.0,11658959011.0,1.004,1.0288,1.0363,1.1266,1.0809,1.7235,3,11,7,July,2024
03:08:34,2024-07-11,TRON,10,2493,102,237,43,0.2947430746031121,87141584608.0,87141584905.0,0.0,TRX,0.1338011076032555,296248343.0,11659640538.0,1.0041,1.0288,1.0363,1.1267,1.0809,1.7236,3,11,7,July,2024
03:09:31,2024-07-11,TRON,10,2493,102,237,43,0.2947430746031121,87141584608.0,87141584905.0,0.0,TRX,0.13380045183495448,296466644.0,11659583394.0,1.0041,1.0288,1.0363,1.1267,1.0809,1.7236,3,11,7,July,2024
03:10:28,2024-07-11,TRON,10,2493,102,237,43,0.2947430746031121,87141584608.0,87141584905.0,0.0,TRX,0.13394405626400024,297503466.0,11672097311.0,1.0052,1.0299,1.0374,1.1279,1.0821,1.7254,3,11,7,July,2024
03:11:24,2024-07-11,TRON,10,2493,102,238,44,0.2947430746031121,87141584608.0,87141584905.0,0.0,TRX,0.13392422035053472,298279517.0,11670368778.0,1.005,1.0298,1.0373,1.1277,1.0819,1.7252,3,11,7,July,2024
03:12:15,2024-07-11,TRON,10,2493,102,238,44,0.2947430746031121,87141584608.0,87141584905.0,0.0,TRX,0.13400716365605073,298720175.0,11677596589.0,1.0056,1.0304,1.0379,1.1284,1.0826,1.7262,3,11,7,July,2024
03:13:09,2024-07-11,TRON,10,2493,102,238,44,0.2947430746031121,87141584608.0,87141584905.0,0.0,TRX,0.1340098891948988,298738297.0,11677834097.0,1.0057,1.0304,1.038,1.1284,1.0826,1.7263,3,11,7,July,2024
03:13:55,2024-07-11,TRON,10,2493,102,238,44,0.2947430746031121,87141584608.0,87141584905.0,0.0,TRX,0.1339803373561694,299393711.0,11675258903.0,1.0054,1.0302,1.0377,1.1282,1.0824,1.7259,3,11,7,July,2024
03:14:37,2024-07-11,TRON,10,2493,102,238,44,0.2947430746031121,87141584608.0,87141584905.0,0.0,TRX,0.13398369365637428,299465367.0,11675551376.0,1.0051,1.0291,1.0383,1.1278,1.0838,1.7259,3,11,7,July,2024
03:15:09,2024-07-11,TRON,10,2493,102,238,44,0.2947430746031121,87141584608.0,87141584905.0,0.0,TRX,0.1339837835612759,299421286.0,11675559211.0,1.0051,1.0291,1.0383,1.1278,1.0838,1.7259,3,11,7,July,2024
03:15:54,2024-07-11,TRON,10,2493,102,238,44,0.2947430746031121,87141584608.0,87141584905.0,0.0,TRX,0.13394936935096738,299541207.0,11672560302.0,1.0049,1.0289,1.038,1.1275,1.0836,1.7255,3,11,7,July,2024
03:16:39,2024-07-11,TRON,10,2493,102,238,44,0.2947430746031121,87141584608.0,87141584905.0,0.0,TRX,0.13400378631516877,299732067.0,11677302282.0,1.0053,1.0293,1.0384,1.128,1.084,1.7262,3,11,7,July,2024
03:17:25,2024-07-11,TRON,10,2493,102,238,44,0.2947430746031121,87141584608.0,87141584905.0,0.0,TRX,0.13400951256090424,299942630.0,11677801277.0,1.0053,1.0293,1.0385,1.128,1.0841,1.7263,3,11,7,July,2024
03:18:13,2024-07-11,TRON,10,2493,102,238,44,0.2947430746031121,87141584608.0,87141584905.0,0.0,TRX,0.13396595696837704,300722411.0,11674005773.0,1.005,1.029,1.0381,1.1277,1.0837,1.7257,3,11,7,July,2024
03:18:59,2024-07-11,TRON,10,2493,102,238,44,0.2947430746031121,87141584608.0,87141584905.0,0.0,TRX,0.1339650336969059,300664483.0,11673925318.0,1.005,1.029,1.0381,1.1277,1.0837,1.7257,3,11,7,July,2024
03:19:53,2024-07-11,TRON,10,2493,102,238,44,0.2947430746031121,87141584608.0,87141584905.0,0.0,TRX,0.13391467714552094,300762000.0,11669537168.0,1.0046,1.0286,1.0377,1.1272,1.0833,1.7251,3,11,7,July,2024
03:20:39,2024-07-11,TRON,10,2493,102,238,44,0.2947430746031121,87141584608.0,87141584905.0,0.0,TRX,0.13392519258600472,300746426.0,11670453500.0,1.0047,1.0287,1.0378,1.1273,1.0834,1.7252,3,11,7,July,2024
03:21:28,2024-07-11,TRON,10,2493,102,238,44,0.2947430746031121,87141584608.0,87141584905.0,0.0,TRX,0.13414413794049826,301866089.0,11689532746.0,1.0065,1.0306,1.0398,1.1291,1.0856,1.7271,3,11,7,July,2024
03:22:10,2024-07-11,TRON,10,2493,102,238,44,0.2947430746031121,87141584608.0,87141584905.0,0.0,TRX,0.13405802222361896,302148582.0,11682028485.0,1.0058,1.0299,1.0391,1.1283,1.0849,1.726,3,11,7,July,2024
03:23:07,2024-07-11,TRON,10,2493,102,238,44,0.2947430746031121,87141584608.0,87141584905.0,0.0,TRX,0.13411373592600057,302559935.0,11686883466.0,1.0062,1.0303,1.0395,1.1288,1.0854,1.7267,3,11,7,July,2024
03:24:03,2024-07-11,TRON,10,2493,102,238,44,0.2947430746031121,87141584608.0,87141584905.0,0.0,TRX,0.13412721475257375,302608175.0,11688058032.0,1.0063,1.0304,1.0396,1.1289,1.0855,1.7269,3,11,7,July,2024
03:24:56,2024-07-11,TRON,10,2493,102,238,44,0.2947430746031121,87141584608.0,87141584905.0,0.0,TRX,0.13422885406743948,302968888.0,11696915043.0,1.0071,1.0312,1.0404,1.1298,1.0863,1.7282,3,11,7,July,2024
03:25:46,2024-07-11,TRON,10,2493,102,238,44,0.2947430746031121,87141584608.0,87141584905.0,0.0,TRX,0.13422906321140046,302945733.0,11696933268.0,1.0071,1.0312,1.0404,1.1298,1.0863,1.7282,3,11,7,July,2024
03:26:37,2024-07-11,TRON,10,2493,102,238,44,0.2947430746031121,87141584608.0,87141584905.0,0.0,TRX,0.13419978597480467,303198226.0,11694382003.0,1.0069,1.031,1.0402,1.1295,1.0861,1.7279,3,11,7,July,2024
03:27:43,2024-07-11,TRON,10,2493,102,238,44,0.2947430746031121,87141584608.0,87141584905.0,0.0,TRX,0.13421094950854756,303266291.0,11695354811.0,1.007,1.0311,1.0403,1.1296,1.0862,1.728,3,11,7,July,2024
03:28:34,2024-07-11,TRON,10,2493,102,238,44,0.2947430746031121,87141584608.0,87141584905.0,0.0,TRX,0.1342017800635711,303572228.0,11694555771.0,1.0069,1.031,1.0402,1.1296,1.0861,1.7279,3,11,7,July,2024
03:29:33,2024-07-11,TRON,10,2493,102,238,44,0.2947430746031121,87141584608.0,87141584905.0,0.0,TRX,0.13417306780885263,303892917.0,11692053740.0,1.0064,1.0307,1.0397,1.1297,1.0852,1.7262,3,11,7,July,2024
17:30:14,2024-07-11,TRON,10,2493,102,238,44,0.2947430746031121,87141584608.0,87141584905.0,0.0,TRX,0.13412721475257375,302608175.0,11688058032.0,1.0063,1.0304,1.0396,1.1289,1.0855,1.7269,17,11,7,July,2024
17:30:25,2024-07-11,TRON,10,2493,102,238,44,0.2947430746031121,87141584608.0,87141584905.0,0.0,TRX,0.13422885406743948,302968888.0,11696915043.0,1.0071,1.0312,1.0404,1.1298,1.0863,1.7282,17,11,7,July,2024
17:30:34,2024-07-11,TRON,10,2493,102,238,44,0.2947430746031121,87141584608.0,87141584905.0,0.0,TRX,0.13422906321140046,302945733.0,11696933268.0,1.0071,1.0312,1.0404,1.1298,1.0863,1.7282,17,11,7,July,2024
17:51:12,2024-07-11,TRON,10,2493,102,238,44,0.2947430746031121,87141584608.0,87141584905.0,0.0,TRX,0.13421094950854756,303266291.0,11695354811.0,1.007,1.0311,1.0403,1.1296,1.0862,1.728,17,11,7,July,2024
17:51:22,2024-07-11,TRON,10,2493,102,238,44,0.2947430746031121,87141584608.0,87141584905.0,0.0,TRX,0.1342017800635711,303572228.0,11694555771.0,1.0069,1.031,1.0402,1.1296,1.0861,1.7279,17,11,7,July,2024
17:51:30,2024-07-11,TRON,10,2493,102,238,44,0.2947430746031121,87141584608.0,87141584905.0,0.0,TRX,0.13417306780885263,303892917.0,11692053740.0,1.0064,1.0307,1.0397,1.1297,1.0852,1.7262,17,11,7,July,2024
17:53:58,2024-07-11,TRON,10,2493,102,238,44,0.2947430746031121,87141584608.0,87141584905.0,0.0,TRX,0.1341791706607752,303929094.0,11692585552.0,1.0065,1.0308,1.0397,1.1297,1.0852,1.7263,17,11,7,July,2024
23:39:15,2024-07-11,TRON,10,2493,102,238,44,0.2947430746031121,87141584608.0,87141584905.0,0.0,TRX,0.13417338470623819,304323648.0,11692081355.0,1.0064,1.0307,1.0397,1.1297,1.0852,1.7262,23,11,7,July,2024
