Time,Date,Name,Rank,Age,Exchanges,Markets,Pairs,All_Time_High,Circulating_Supply,Total_Supply,Max_Supply,Code,Rate,Volume,Cap,Delta_Hour_Change,Delta_Day_Change,Delta_Week_Change,Delta_Month_Change,Delta_Quarter_Change,Delta_Year_Change,Hour,Day,Month_Number,Month_Name,Year
22:19:31,2024-07-10,TRON,10,2492,102,236,43,0.2947430746031121,87141682535.0,87141682448.0,0.0,TRX,0.1317761314375048,283455722.0,11483193811.0,1.0026,1.0102,1.0171,1.1057,1.0747,1.6944,22,10,7,July,2024
22:36:21,2024-07-10,TRON,10,2493,102,236,43,0.2947430746031121,87141725917.0,87141725095.0,0.0,TRX,0.13260766163048507,288249857.0,11555660504.0,1.0049,1.0137,1.028,1.114,1.0682,1.7074,22,10,7,July,2024
22:36:43,2024-07-10,TRON,10,2493,102,236,43,0.2947430746031121,87141725917.0,87141725095.0,0.0,TRX,0.1326204178923908,288308259.0,11556772106.0,1.005,1.0138,1.0281,1.1141,1.0683,1.7075,22,10,7,July,2024
22:37:06,2024-07-10,TRON,10,2493,102,236,43,0.2947430746031121,87141725917.0,87141725095.0,0.0,TRX,0.13261798175467082,288266383.0,11556559817.0,1.005,1.0138,1.0281,1.1141,1.0683,1.7075,22,10,7,July,2024
22:37:29,2024-07-10,TRON,10,2493,102,236,43,0.2947430746031121,87141725917.0,87141725095.0,0.0,TRX,0.13261790474957802,288225915.0,11556553107.0,1.0049,1.0138,1.0281,1.1141,1.0683,1.7075,22,10,7,July,2024
22:37:49,2024-07-10,TRON,10,2493,102,236,43,0.2947430746031121,87141725917.0,87141725095.0,0.0,TRX,0.13264140040359154,288279982.0,11558600559.0,1.0051,1.014,1.0283,1.1143,1.0685,1.7078,22,10,7,July,2024
22:38:10,2024-07-10,TRON,10,2493,102,236,43,0.2947430746031121,87141725917.0,87141725095.0,0.0,TRX,0.13267986947279195,288425697.0,11561952820.0,1.0054,1.0143,1.0286,1.1146,1.0688,1.7083,22,10,7,July,2024
22:38:35,2024-07-10,TRON,10,2493,102,236,43,0.2947430746031121,87141725917.0,87141725095.0,0.0,TRX,0.1326800327603657,288455983.0,11561967049.0,1.0054,1.0143,1.0286,1.1146,1.0688,1.7083,22,10,7,July,2024
22:38:56,2024-07-10,TRON,10,2493,102,236,43,0.2947430746031121,87141725917.0,87141725095.0,0.0,TRX,0.13258315367061696,288205861.0,11553524838.0,1.0047,1.0135,1.0278,1.1138,1.068,1.7071,22,10,7,July,2024
22:39:17,2024-07-10,TRON,10,2493,102,236,43,0.2947430746031121,87141725917.0,87141725095.0,0.0,TRX,0.13258317877682668,288185379.0,11553527026.0,1.0047,1.0135,1.0278,1.1138,1.068,1.7071,22,10,7,July,2024
22:39:38,2024-07-10,TRON,10,2493,102,236,43,0.2947430746031121,87141725917.0,87141725095.0,0.0,TRX,0.13251141749549805,288036079.0,11547273624.0,1.0041,1.013,1.0273,1.1132,1.0675,1.7061,22,10,7,July,2024
22:40:01,2024-07-10,TRON,10,2493,102,236,43,0.2947430746031121,87141725917.0,87141725095.0,0.0,TRX,0.1325177663505635,288053189.0,11547826874.0,1.0042,1.013,1.0273,1.1133,1.0675,1.7062,22,10,7,July,2024
22:40:30,2024-07-10,TRON,10,2493,102,236,43,0.2947430746031121,87141725917.0,87141725095.0,0.0,TRX,0.13251802233043342,288039832.0,11547849180.0,1.0039,1.0139,1.0277,1.1113,1.0683,1.7051,22,10,7,July,2024
22:40:52,2024-07-10,TRON,10,2493,102,236,43,0.2947430746031121,87141725917.0,87141725095.0,0.0,TRX,0.1325328472915022,288231767.0,11549141053.0,1.004,1.014,1.0278,1.1114,1.0684,1.7053,22,10,7,July,2024
22:41:14,2024-07-10,TRON,10,2493,102,236,43,0.2947430746031121,87141725917.0,87141725095.0,0.0,TRX,0.13253284727328013,288201588.0,11549141052.0,1.004,1.014,1.0278,1.1114,1.0684,1.7053,22,10,7,July,2024
22:41:36,2024-07-10,TRON,10,2493,102,236,43,0.2947430746031121,87141725917.0,87141725095.0,0.0,TRX,0.13257219915535973,288307281.0,11552570243.0,1.0043,1.0143,1.0281,1.1118,1.0687,1.7058,22,10,7,July,2024
22:41:58,2024-07-10,TRON,10,2493,102,236,43,0.2947430746031121,87141725917.0,87141725095.0,0.0,TRX,0.13257168048540763,288294881.0,11552525045.0,1.0043,1.0143,1.0281,1.1117,1.0687,1.7058,22,10,7,July,2024
22:42:22,2024-07-10,TRON,10,2493,102,236,43,0.2947430746031121,87141725917.0,87141725095.0,0.0,TRX,0.1325630051540761,288225913.0,11551769061.0,1.0042,1.0142,1.028,1.1117,1.0686,1.7057,22,10,7,July,2024
22:42:44,2024-07-10,TRON,10,2493,102,236,43,0.2947430746031121,87141725917.0,87141725095.0,0.0,TRX,0.13261280390698038,288389822.0,11556108611.0,1.0046,1.0146,1.0284,1.1121,1.069,1.7063,22,10,7,July,2024
22:43:11,2024-07-10,TRON,10,2493,102,236,43,0.2947430746031121,87141725917.0,87141725095.0,0.0,TRX,0.13271151463649875,288748491.0,11564710434.0,1.0054,1.0154,1.0292,1.1129,1.0698,1.7076,22,10,7,July,2024
22:43:33,2024-07-10,TRON,10,2493,102,236,43,0.2947430746031121,87141725917.0,87141725095.0,0.0,TRX,0.13272006523658336,288837136.0,11565455548.0,1.0054,1.0154,1.0292,1.113,1.0699,1.7077,22,10,7,July,2024
22:43:56,2024-07-10,TRON,10,2493,102,236,43,0.2947430746031121,87141725917.0,87141725095.0,0.0,TRX,0.13258437714704077,288530951.0,11553631454.0,1.0044,1.0144,1.0282,1.1119,1.0688,1.706,22,10,7,July,2024
22:44:19,2024-07-10,TRON,10,2493,102,236,43,0.2947430746031121,87141725917.0,87141725095.0,0.0,TRX,0.13258429310195546,288494556.0,11553624130.0,1.0044,1.0144,1.0282,1.1119,1.0688,1.706,22,10,7,July,2024
22:44:43,2024-07-10,TRON,10,2493,102,236,43,0.2947430746031121,87141725917.0,87141725095.0,0.0,TRX,0.13258958063642257,288971267.0,11554084895.0,1.0044,1.0144,1.0282,1.1119,1.0689,1.706,22,10,7,July,2024
22:45:04,2024-07-10,TRON,10,2493,102,236,43,0.2947430746031121,87141725917.0,87141725095.0,0.0,TRX,0.1326760569252999,289228175.0,11561620588.0,1.0051,1.0151,1.0289,1.1126,1.0695,1.7071,22,10,7,July,2024
22:45:25,2024-07-10,TRON,10,2493,102,236,43,0.2947430746031121,87141725917.0,87141725095.0,0.0,TRX,0.13267678941731326,289140866.0,11561684418.0,1.0051,1.0151,1.0289,1.1126,1.0696,1.7071,22,10,7,July,2024
22:45:48,2024-07-10,TRON,10,2493,102,236,43,0.2947430746031121,87141725917.0,87141725095.0,0.0,TRX,0.1326838670446299,289360452.0,11562301175.0,1.0049,1.0152,1.0288,1.1144,1.0694,1.7048,22,10,7,July,2024
22:46:08,2024-07-10,TRON,10,2493,102,236,43,0.2947430746031121,87141725917.0,87141725095.0,0.0,TRX,0.13268397245197422,289309416.0,11562310360.0,1.0049,1.0152,1.0288,1.1144,1.0694,1.7048,22,10,7,July,2024
22:46:29,2024-07-10,TRON,10,2493,102,236,43,0.2947430746031121,87141725917.0,87141725095.0,0.0,TRX,0.13267494519702833,289333351.0,11561523710.0,1.0048,1.0152,1.0287,1.1143,1.0693,1.7047,22,10,7,July,2024
22:46:50,2024-07-10,TRON,10,2493,102,236,43,0.2947430746031121,87141725917.0,87141725095.0,0.0,TRX,0.13257610936755457,289225607.0,11552910985.0,1.0041,1.0144,1.0279,1.1135,1.0686,1.7034,22,10,7,July,2024
22:47:11,2024-07-10,TRON,10,2493,102,236,43,0.2947430746031121,87141725917.0,87141725095.0,0.0,TRX,0.1325761093565346,289192715.0,11552910984.0,1.0041,1.0144,1.0279,1.1135,1.0686,1.7034,22,10,7,July,2024
22:47:32,2024-07-10,TRON,10,2493,102,236,43,0.2947430746031121,87141725917.0,87141725095.0,0.0,TRX,0.13258490185897565,289361674.0,11553677178.0,1.0042,1.0145,1.028,1.1135,1.0686,1.7035,22,10,7,July,2024
22:47:53,2024-07-10,TRON,10,2493,102,236,43,0.2947430746031121,87141725917.0,87141725095.0,0.0,TRX,0.13266252530399114,289802427.0,11560441419.0,1.0047,1.0151,1.0286,1.1142,1.0692,1.7045,22,10,7,July,2024
22:48:17,2024-07-10,TRON,10,2493,102,236,43,0.2947430746031121,87141725917.0,87141725095.0,0.0,TRX,0.13266251564394732,289759420.0,11560440577.0,1.0047,1.0151,1.0286,1.1142,1.0692,1.7045,22,10,7,July,2024
22:48:37,2024-07-10,TRON,10,2493,102,236,43,0.2947430746031121,87141725917.0,87141725095.0,0.0,TRX,0.13265669292030227,289852945.0,11559933175.0,1.0047,1.015,1.0286,1.1141,1.0692,1.7044,22,10,7,July,2024
22:48:58,2024-07-10,TRON,10,2493,102,236,43,0.2947430746031121,87141725917.0,87141725095.0,0.0,TRX,0.13257706042409917,289663762.0,11552993862.0,1.0041,1.0144,1.028,1.1135,1.0686,1.7034,22,10,7,July,2024
22:49:19,2024-07-10,TRON,10,2493,102,236,43,0.2947430746031121,87141725917.0,87141725095.0,0.0,TRX,0.13257711409452966,289625428.0,11552998539.0,1.0041,1.0144,1.028,1.1135,1.0686,1.7034,22,10,7,July,2024
22:49:40,2024-07-10,TRON,10,2493,102,236,43,0.2947430746031121,87141725917.0,87141725095.0,0.0,TRX,0.13260604441237198,289818927.0,11555519577.0,1.0043,1.0146,1.0282,1.1137,1.0688,1.7038,22,10,7,July,2024
22:50:03,2024-07-10,TRON,10,2493,102,236,43,0.2947430746031121,87141725917.0,87141725095.0,0.0,TRX,0.132709001987473,290016113.0,11564491477.0,1.0051,1.0154,1.029,1.1146,1.0696,1.7051,22,10,7,July,2024
22:50:40,2024-07-10,TRON,10,2493,102,236,43,0.2947430746031121,87141725917.0,87141725095.0,0.0,TRX,0.1327118577076189,290006634.0,11564740330.0,1.0051,1.0154,1.029,1.1146,1.0696,1.7052,22,10,7,July,2024
22:51:02,2024-07-10,TRON,10,2493,102,236,43,0.2947430746031121,87141725917.0,87141725095.0,0.0,TRX,0.13272341265435486,290083319.0,11565747248.0,1.0042,1.0152,1.0278,1.1132,1.0725,1.7065,22,10,7,July,2024
22:51:24,2024-07-10,TRON,10,2493,102,236,43,0.2947430746031121,87141725917.0,87141725095.0,0.0,TRX,0.1327144812185841,289992933.0,11564968947.0,1.0042,1.0151,1.0277,1.1131,1.0724,1.7064,22,10,7,July,2024
22:51:46,2024-07-10,TRON,10,2493,102,236,43,0.2947430746031121,87141725917.0,87141725095.0,0.0,TRX,0.13268287469220716,289965031.0,11562214700.0,1.0039,1.0149,1.0275,1.1128,1.0722,1.706,22,10,7,July,2024
22:52:09,2024-07-10,TRON,10,2493,102,236,43,0.2947430746031121,87141725917.0,87141725095.0,0.0,TRX,0.1326829801885594,289885054.0,11562223893.0,1.0039,1.0149,1.0275,1.1128,1.0722,1.706,22,10,7,July,2024
22:52:29,2024-07-10,TRON,10,2493,102,236,43,0.2947430746031121,87141725917.0,87141725095.0,0.0,TRX,0.13269169200053527,289963338.0,11562983055.0,1.004,1.015,1.0276,1.1129,1.0722,1.7061,22,10,7,July,2024
22:52:50,2024-07-10,TRON,10,2493,102,236,43,0.2947430746031121,87141725917.0,87141725095.0,0.0,TRX,0.13262012825003686,290100703.0,11556746867.0,1.0034,1.0144,1.027,1.1123,1.0717,1.7051,22,10,7,July,2024
22:53:12,2024-07-10,TRON,10,2493,102,236,43,0.2947430746031121,87141725917.0,87141725095.0,0.0,TRX,0.13262128282905664,290071375.0,11556847479.0,1.0034,1.0144,1.027,1.1123,1.0717,1.7052,22,10,7,July,2024
22:53:32,2024-07-10,TRON,10,2493,102,236,43,0.2947430746031121,87141725917.0,87141725095.0,0.0,TRX,0.13264733728640316,290216809.0,11559117909.0,1.0036,1.0146,1.0272,1.1125,1.0719,1.7055,22,10,7,July,2024
22:53:54,2024-07-10,TRON,10,2493,102,236,43,0.2947430746031121,87141725917.0,87141725095.0,0.0,TRX,0.13264064680837326,290260802.0,11558534889.0,1.0036,1.0146,1.0272,1.1125,1.0718,1.7054,22,10,7,July,2024
22:54:19,2024-07-10,TRON,10,2493,102,236,43,0.2947430746031121,87141725917.0,87141725095.0,0.0,TRX,0.13264072647498146,290221519.0,11558541831.0,1.0036,1.0146,1.0272,1.1125,1.0718,1.7054,22,10,7,July,2024
22:54:39,2024-07-10,TRON,10,2493,102,236,43,0.2947430746031121,87141725917.0,87141725095.0,0.0,TRX,0.13258244360128926,290324177.0,11553462961.0,1.0032,1.0141,1.0267,1.112,1.0714,1.7047,22,10,7,July,2024
22:55:02,2024-07-10,TRON,10,2493,102,236,43,0.2947430746031121,87141725917.0,87141725095.0,0.0,TRX,0.13268070963480028,290567797.0,11562026033.0,1.0039,1.0149,1.0275,1.1128,1.0722,1.7059,22,10,7,July,2024
22:55:24,2024-07-10,TRON,10,2493,102,236,43,0.2947430746031121,87141725917.0,87141725095.0,0.0,TRX,0.1326806596186383,290632848.0,11562021674.0,1.0039,1.0149,1.0275,1.1128,1.0722,1.7059,22,10,7,July,2024
22:55:47,2024-07-10,TRON,10,2493,102,236,43,0.2947430746031121,87141725917.0,87141725095.0,0.0,TRX,0.13274046910174478,291057884.0,11567233576.0,1.0043,1.0153,1.0279,1.1133,1.0726,1.7067,22,10,7,July,2024
22:56:07,2024-07-10,TRON,10,2493,102,236,43,0.2947430746031121,87141725917.0,87141725095.0,0.0,TRX,0.13274126249427134,291049615.0,11567302714.0,1.0044,1.0154,1.0279,1.1133,1.0727,1.7067,22,10,7,July,2024
22:56:27,2024-07-10,TRON,10,2493,102,236,43,0.2947430746031121,87141725917.0,87141725095.0,0.0,TRX,0.13275124920105164,291107442.0,11568172973.0,1.0043,1.0165,1.0285,1.1119,1.0743,1.7067,22,10,7,July,2024
22:56:49,2024-07-10,TRON,10,2493,102,236,43,0.2947430746031121,87141725917.0,87141725095.0,0.0,TRX,0.13280221018542146,291671844.0,11572613801.0,1.0047,1.0168,1.0289,1.1123,1.0747,1.7074,22,10,7,July,2024
22:57:08,2024-07-10,TRON,10,2493,102,236,43,0.2947430746031121,87141725917.0,87141725095.0,0.0,TRX,0.1327326774818781,291547634.0,11566554601.0,1.0041,1.0163,1.0283,1.1117,1.0741,1.7065,22,10,7,July,2024
22:57:32,2024-07-10,TRON,10,2493,102,236,43,0.2947430746031121,87141725917.0,87141725095.0,0.0,TRX,0.1327323564166855,291720786.0,11566526623.0,1.0041,1.0163,1.0283,1.1117,1.0741,1.7065,22,10,7,July,2024
22:57:54,2024-07-10,TRON,10,2493,102,236,43,0.2947430746031121,87141725917.0,87141725095.0,0.0,TRX,0.13287010163845767,292566109.0,11578529979.0,1.0052,1.0174,1.0294,1.1129,1.0753,1.7083,22,10,7,July,2024
22:58:16,2024-07-10,TRON,10,2493,102,236,43,0.2947430746031121,87141725917.0,87141725095.0,0.0,TRX,0.13286863872744945,292543394.0,11578402498.0,1.0052,1.0174,1.0294,1.1128,1.0752,1.7082,22,10,7,July,2024
22:58:39,2024-07-10,TRON,10,2493,102,236,43,0.2947430746031121,87141725917.0,87141725095.0,0.0,TRX,0.1329054854704255,292793553.0,11581613387.0,1.0054,1.0176,1.0297,1.1132,1.0755,1.7087,22,10,7,July,2024
22:59:00,2024-07-10,TRON,10,2493,102,236,43,0.2947430746031121,87141725917.0,87141725095.0,0.0,TRX,0.1328265140003338,292611732.0,11574731677.0,1.0048,1.017,1.029,1.1125,1.0749,1.7077,22,10,7,July,2024
22:59:32,2024-07-10,TRON,10,2493,102,236,43,0.2947430746031121,87141725917.0,87141725095.0,0.0,TRX,0.13283506619141852,292810586.0,11575476930.0,1.0049,1.0171,1.0291,1.1126,1.075,1.7078,22,10,7,July,2024
22:59:52,2024-07-10,TRON,10,2493,102,236,43,0.2947430746031121,87141725917.0,87141725095.0,0.0,TRX,0.13282412018083972,293030783.0,11574523075.0,1.0048,1.017,1.029,1.1125,1.0749,1.7077,22,10,7,July,2024
23:00:14,2024-07-10,TRON,10,2493,102,236,43,0.2947430746031121,87141725917.0,87141725095.0,0.0,TRX,0.13292613537615894,293217903.0,11583412856.0,1.0056,1.0178,1.0298,1.1133,1.0757,1.709,23,10,7,July,2024
23:00:43,2024-07-10,TRON,10,2493,102,236,43,0.2947430746031121,87141725917.0,87141725095.0,0.0,TRX,0.13290706343628772,293070646.0,11581750894.0,1.0038,1.0203,1.0313,1.1119,1.0761,1.7067,23,10,7,July,2024
23:02:23,2024-07-10,TRON,10,2493,102,236,43,0.2947430746031121,87141725917.0,87141725095.0,0.0,TRX,0.13289662844140873,293068480.0,11580841570.0,1.0038,1.0202,1.0312,1.1118,1.0761,1.7066,23,10,7,July,2024
23:02:43,2024-07-10,TRON,10,2493,102,236,43,0.2947430746031121,87141725917.0,87141725095.0,0.0,TRX,0.13279646862901784,292996152.0,11572113472.0,1.003,1.0194,1.0304,1.111,1.0752,1.7053,23,10,7,July,2024
23:03:06,2024-07-10,TRON,10,2493,102,236,43,0.2947430746031121,87141725917.0,87141725095.0,0.0,TRX,0.13276829014497982,293179804.0,11569657950.0,1.0028,1.0192,1.0302,1.1107,1.075,1.7049,23,10,7,July,2024
23:03:26,2024-07-10,TRON,10,2493,102,236,43,0.2947430746031121,87141725917.0,87141725095.0,0.0,TRX,0.13276887914338853,293131831.0,11569709276.0,1.0028,1.0192,1.0302,1.1107,1.075,1.7049,23,10,7,July,2024
23:03:48,2024-07-10,TRON,10,2493,102,236,43,0.2947430746031121,87141725917.0,87141725095.0,0.0,TRX,0.1329050431953396,293641619.0,11581574847.0,1.0038,1.0203,1.0313,1.1119,1.0761,1.7067,23,10,7,July,2024
23:04:09,2024-07-10,TRON,10,2493,102,236,43,0.2947430746031121,87141725917.0,87141725095.0,0.0,TRX,0.13290512363549173,293584461.0,11581581856.0,1.0038,1.0203,1.0313,1.1119,1.0761,1.7067,23,10,7,July,2024
23:04:29,2024-07-10,TRON,10,2493,102,236,43,0.2947430746031121,87141725917.0,87141725095.0,0.0,TRX,0.13290504557004468,293557782.0,11581575054.0,1.0038,1.0203,1.0313,1.1119,1.0761,1.7067,23,10,7,July,2024
23:04:51,2024-07-10,TRON,10,2493,102,237,43,0.2947430746031121,87141725917.0,87141725095.0,0.0,TRX,0.13290578070377002,293677098.0,11581639114.0,1.0038,1.0203,1.0313,1.1119,1.0761,1.7067,23,10,7,July,2024
23:05:13,2024-07-10,TRON,10,2493,102,237,43,0.2947430746031121,87141725917.0,87141725095.0,0.0,TRX,0.13300452093959078,293840836.0,11590243509.0,1.0046,1.021,1.032,1.1127,1.0769,1.708,23,10,7,July,2024
23:05:38,2024-07-10,TRON,10,2493,102,237,43,0.2947430746031121,87141725917.0,87141725095.0,0.0,TRX,0.13299503199150783,293889096.0,11589416626.0,1.0045,1.021,1.032,1.1126,1.0769,1.7078,23,10,7,July,2024
23:06:00,2024-07-10,TRON,10,2493,102,237,43,0.2947430746031121,87141725917.0,87141725095.0,0.0,TRX,0.13290480107597655,293738498.0,11581553748.0,1.004,1.0196,1.0314,1.1115,1.0763,1.7083,23,10,7,July,2024
23:06:22,2024-07-10,TRON,10,2493,102,237,43,0.2947430746031121,87141725917.0,87141725095.0,0.0,TRX,0.1329049425434309,293702108.0,11581566076.0,1.004,1.0196,1.0314,1.1115,1.0763,1.7083,23,10,7,July,2024
23:06:45,2024-07-10,TRON,10,2493,102,237,43,0.2947430746031121,87141725917.0,87141725095.0,0.0,TRX,0.1328635731327472,293844957.0,11577961074.0,1.0037,1.0193,1.0311,1.1111,1.0759,1.7078,23,10,7,July,2024
23:07:09,2024-07-10,TRON,10,2493,102,237,43,0.2947430746031121,87141725917.0,87141725095.0,0.0,TRX,0.13295490414840594,294027902.0,11585919816.0,1.0044,1.02,1.0318,1.1119,1.0767,1.709,23,10,7,July,2024
23:07:29,2024-07-10,TRON,10,2493,102,237,43,0.2947430746031121,87141725917.0,87141725095.0,0.0,TRX,0.1329550238702893,293994907.0,11585930249.0,1.0044,1.02,1.0318,1.1119,1.0767,1.709,23,10,7,July,2024
23:07:49,2024-07-10,TRON,10,2493,102,237,43,0.2947430746031121,87141725917.0,87141725095.0,0.0,TRX,0.1329550238702893,293994907.0,11585930249.0,1.0044,1.02,1.0318,1.1119,1.0767,1.709,23,10,7,July,2024
23:09:35,2024-07-10,TRON,10,2493,102,237,43,0.2947430746031121,87141725917.0,87141725095.0,0.0,TRX,0.13277645060871207,294260999.0,11570369067.0,1.0031,1.0186,1.0304,1.1104,1.0752,1.7067,23,10,7,July,2024
23:09:57,2024-07-10,TRON,10,2493,102,237,43,0.2947430746031121,87141725917.0,87141725095.0,0.0,TRX,0.1328710218726345,294495568.0,11578610170.0,1.0038,1.0194,1.0312,1.1112,1.076,1.7079,23,10,7,July,2024
23:10:20,2024-07-10,TRON,10,2493,102,237,43,0.2947430746031121,87141725917.0,87141725095.0,0.0,TRX,0.1328707432349723,294425170.0,11578585889.0,1.0038,1.0194,1.0312,1.1112,1.076,1.7079,23,10,7,July,2024
23:10:42,2024-07-10,TRON,10,2493,102,237,43,0.2947430746031121,87141725917.0,87141725095.0,0.0,TRX,0.13278782888628557,294267833.0,11571360589.0,1.0032,1.0187,1.0305,1.1105,1.0753,1.7068,23,10,7,July,2024
23:11:06,2024-07-10,TRON,10,2493,102,237,43,0.2947430746031121,87141725917.0,87141725095.0,0.0,TRX,0.1327010946991426,294038143.0,11563802423.0,1.0036,1.0183,1.0296,1.1114,1.0756,1.705,23,10,7,July,2024
23:11:29,2024-07-10,TRON,10,2493,102,237,43,0.2947430746031121,87141725917.0,87141725095.0,0.0,TRX,0.1327110432114642,294130586.0,11564669353.0,1.0037,1.0184,1.0296,1.1114,1.0756,1.7052,23,10,7,July,2024
23:11:49,2024-07-10,TRON,10,2493,102,237,43,0.2947430746031121,87141725917.0,87141725095.0,0.0,TRX,0.1327264374109988,294151182.0,11566010830.0,1.0038,1.0185,1.0298,1.1116,1.0758,1.7054,23,10,7,July,2024
23:12:58,2024-07-10,TRON,10,2493,102,237,43,0.2947430746031121,87141725917.0,87141725095.0,0.0,TRX,0.13273631811314207,294123441.0,11566871852.0,1.0039,1.0186,1.0298,1.1116,1.0758,1.7055,23,10,7,July,2024
23:14:20,2024-07-10,TRON,10,2493,102,237,43,0.2947430746031121,87141725917.0,87141725095.0,0.0,TRX,0.13276527362480828,294452805.0,11569395085.0,1.0041,1.0188,1.0301,1.1119,1.0761,1.7058,23,10,7,July,2024
23:14:40,2024-07-10,TRON,10,2493,102,237,43,0.2947430746031121,87141725917.0,87141725095.0,0.0,TRX,0.13272972565147542,294610206.0,11566297373.0,1.0039,1.0186,1.0298,1.1116,1.0758,1.7054,23,10,7,July,2024
23:15:03,2024-07-10,TRON,10,2493,102,237,43,0.2947430746031121,87141725917.0,87141725095.0,0.0,TRX,0.1327228991160206,294585050.0,11565702497.0,1.0038,1.0185,1.0297,1.1115,1.0757,1.7053,23,10,7,July,2024
23:15:25,2024-07-10,TRON,10,2493,102,237,43,0.2947430746031121,87141725917.0,87141725095.0,0.0,TRX,0.13270688342270157,294530019.0,11564306862.0,1.0032,1.0179,1.0306,1.1107,1.0737,1.7055,23,10,7,July,2024
23:15:49,2024-07-10,TRON,10,2493,102,237,43,0.2947430746031121,87141725917.0,87141725095.0,0.0,TRX,0.13281683071798342,294946218.0,11573887859.0,1.004,1.0188,1.0314,1.1117,1.0746,1.7069,23,10,7,July,2024
23:16:20,2024-07-10,TRON,10,2493,102,237,43,0.2947430746031121,87141725917.0,87141725095.0,0.0,TRX,0.13281688369430703,294873656.0,11573892476.0,1.004,1.0188,1.0314,1.1117,1.0746,1.7069,23,10,7,July,2024
23:16:41,2024-07-10,TRON,10,2493,102,237,43,0.2947430746031121,87141725917.0,87141725095.0,0.0,TRX,0.13282225347697657,294964966.0,11574360408.0,1.0041,1.0188,1.0314,1.1117,1.0746,1.707,23,10,7,July,2024
23:17:05,2024-07-10,TRON,10,2493,102,237,43,0.2947430746031121,87141725917.0,87141725095.0,0.0,TRX,0.13284042385620645,294977567.0,11575943806.0,1.0042,1.019,1.0316,1.1119,1.0748,1.7072,23,10,7,July,2024
23:17:27,2024-07-10,TRON,10,2493,102,237,43,0.2947430746031121,87141725917.0,87141725095.0,0.0,TRX,0.13284109278091874,295137374.0,11576002097.0,1.0042,1.019,1.0316,1.1119,1.0748,1.7072,23,10,7,July,2024
23:17:49,2024-07-10,TRON,10,2493,102,237,43,0.2947430746031121,87141725917.0,87141725095.0,0.0,TRX,0.1329907908537761,295729016.0,11589047046.0,1.0053,1.0201,1.0328,1.1131,1.076,1.7091,23,10,7,July,2024
23:18:13,2024-07-10,TRON,10,2493,102,237,43,0.2947430746031121,87141725917.0,87141725095.0,0.0,TRX,0.13299078987124704,295665596.0,11589046960.0,1.0053,1.0201,1.0328,1.1131,1.076,1.7091,23,10,7,July,2024
23:18:37,2024-07-10,TRON,10,2493,102,237,43,0.2947430746031121,87141725917.0,87141725095.0,0.0,TRX,0.1329667838034296,295703979.0,11586955030.0,1.0052,1.0199,1.0326,1.1129,1.0758,1.7088,23,10,7,July,2024
23:18:58,2024-07-10,TRON,10,2493,102,237,43,0.2947430746031121,87141725917.0,87141725095.0,0.0,TRX,0.13296678380790797,295692852.0,11586955030.0,1.0052,1.0199,1.0326,1.1129,1.0758,1.7088,23,10,7,July,2024
23:20:17,2024-07-10,TRON,10,2493,102,237,43,0.2947430746031121,87141725917.0,87141725095.0,0.0,TRX,0.13294907017261606,296038416.0,11585411433.0,1.005,1.0198,1.0324,1.1128,1.0757,1.7086,23,10,7,July,2024
23:20:39,2024-07-10,TRON,10,2493,102,237,43,0.2947430746031121,87141725917.0,87141725095.0,0.0,TRX,0.13278180665708827,296768088.0,11570835802.0,1.0038,1.0185,1.0311,1.1114,1.0743,1.7065,23,10,7,July,2024
23:21:00,2024-07-10,TRON,10,2493,102,237,43,0.2947430746031121,87141725917.0,87141725095.0,0.0,TRX,0.13269410329815987,296726804.0,11563193180.0,1.0037,1.0186,1.0306,1.1092,1.0718,1.7042,23,10,7,July,2024
23:21:23,2024-07-10,TRON,10,2493,102,237,43,0.2947430746031121,87141725917.0,87141725095.0,0.0,TRX,0.13268239074805485,296736512.0,11562172528.0,1.0036,1.0186,1.0305,1.1091,1.0717,1.7041,23,10,7,July,2024
23:21:46,2024-07-10,TRON,10,2493,102,237,43,0.2947430746031121,87141725917.0,87141725095.0,0.0,TRX,0.1326698260984999,297422188.0,11561077623.0,1.0035,1.0185,1.0304,1.109,1.0716,1.7039,23,10,7,July,2024
23:22:08,2024-07-10,TRON,10,2493,102,237,43,0.2947430746031121,87141725917.0,87141725095.0,0.0,TRX,0.13267189691844283,297404961.0,11561258078.0,1.0035,1.0185,1.0304,1.109,1.0716,1.704,23,10,7,July,2024
23:22:34,2024-07-10,TRON,10,2493,102,237,43,0.2947430746031121,87141725917.0,87141725095.0,0.0,TRX,0.13268110947106704,298230701.0,11562060875.0,1.0036,1.0185,1.0305,1.1091,1.0717,1.7041,23,10,7,July,2024
23:22:55,2024-07-10,TRON,10,2493,102,237,43,0.2947430746031121,87141725917.0,87141725095.0,0.0,TRX,0.1324193025832744,298689426.0,11539246571.0,1.0016,1.0165,1.0284,1.1069,1.0696,1.7007,23,10,7,July,2024
23:23:19,2024-07-10,TRON,10,2493,102,237,43,0.2947430746031121,87141725917.0,87141725095.0,0.0,TRX,0.13241922709219406,298649192.0,11539239993.0,1.0016,1.0165,1.0284,1.1069,1.0696,1.7007,23,10,7,July,2024
23:23:41,2024-07-10,TRON,10,2493,102,237,43,0.2947430746031121,87141725917.0,87141725095.0,0.0,TRX,0.13238907346486245,298939955.0,11536612354.0,1.0014,1.0163,1.0282,1.1067,1.0694,1.7003,23,10,7,July,2024
23:24:03,2024-07-10,TRON,10,2493,102,237,43,0.2947430746031121,87141725917.0,87141725095.0,0.0,TRX,0.13252297118395523,299254087.0,11548280432.0,1.0024,1.0173,1.0292,1.1078,1.0704,1.7021,23,10,7,July,2024
23:24:27,2024-07-10,TRON,10,2493,102,237,43,0.2947430746031121,87141725917.0,87141725095.0,0.0,TRX,0.1325232791686805,299219848.0,11548307270.0,1.0024,1.0173,1.0292,1.1078,1.0704,1.7021,23,10,7,July,2024
23:24:51,2024-07-10,TRON,10,2493,102,237,43,0.2947430746031121,87141725917.0,87141725095.0,0.0,TRX,0.13249607848990383,299591597.0,11545936956.0,1.0022,1.0171,1.029,1.1076,1.0702,1.7017,23,10,7,July,2024
23:25:14,2024-07-10,TRON,10,2493,102,237,43,0.2947430746031121,87141725917.0,87141725095.0,0.0,TRX,0.13249605437075407,299527839.0,11545934855.0,1.0022,1.0171,1.029,1.1076,1.0702,1.7017,23,10,7,July,2024
23:25:35,2024-07-10,TRON,10,2493,102,237,43,0.2947430746031121,87141725917.0,87141725095.0,0.0,TRX,0.1324890301036973,299670011.0,11545322748.0,1.0021,1.0171,1.029,1.1075,1.0702,1.7016,23,10,7,July,2024
23:25:56,2024-07-10,TRON,10,2493,102,237,43,0.2947430746031121,87141725917.0,87141725095.0,0.0,TRX,0.13262836335039993,300001402.0,11557464487.0,1.0024,1.0184,1.0301,1.111,1.07,1.7047,23,10,7,July,2024
23:26:18,2024-07-10,TRON,10,2493,102,237,43,0.2947430746031121,87141725917.0,87141725095.0,0.0,TRX,0.1326284692494769,299960487.0,11557473716.0,1.0024,1.0184,1.0301,1.111,1.07,1.7047,23,10,7,July,2024
23:26:38,2024-07-10,TRON,10,2493,102,237,43,0.2947430746031121,87141725917.0,87141725095.0,0.0,TRX,0.1326721580478182,300224274.0,11561280833.0,1.0027,1.0187,1.0305,1.1114,1.0703,1.7052,23,10,7,July,2024
23:26:58,2024-07-10,TRON,10,2493,102,237,43,0.2947430746031121,87141725917.0,87141725095.0,0.0,TRX,0.1325788357637604,300011383.0,11553148568.0,1.002,1.018,1.0297,1.1106,1.0696,1.704,23,10,7,July,2024
23:27:24,2024-07-10,TRON,10,2493,102,237,43,0.2947430746031121,87141725917.0,87141725095.0,0.0,TRX,0.13257952908262985,300025753.0,11553208985.0,1.002,1.018,1.0297,1.1106,1.0696,1.704,23,10,7,July,2024
23:27:48,2024-07-10,TRON,10,2493,102,237,43,0.2947430746031121,87141725917.0,87141725095.0,0.0,TRX,0.13257589441477852,300143383.0,11552892254.0,1.002,1.0179,1.0297,1.1106,1.0696,1.704,23,10,7,July,2024
23:28:09,2024-07-10,TRON,10,2493,102,237,43,0.2947430746031121,87141725917.0,87141725095.0,0.0,TRX,0.13268059668645013,300515015.0,11562016190.0,1.0028,1.0188,1.0305,1.1115,1.0704,1.7053,23,10,7,July,2024
23:28:33,2024-07-10,TRON,10,2493,102,237,43,0.2947430746031121,87141725917.0,87141725095.0,0.0,TRX,0.13267472855674173,300543232.0,11561504832.0,1.0028,1.0187,1.0305,1.1114,1.0704,1.7053,23,10,7,July,2024
23:28:58,2024-07-10,TRON,10,2493,102,237,43,0.2947430746031121,87141725917.0,87141725095.0,0.0,TRX,0.13276633268256152,300731511.0,11569487373.0,1.0035,1.0194,1.0312,1.1122,1.0711,1.7064,23,10,7,July,2024
23:29:19,2024-07-10,TRON,10,2493,102,237,43,0.2947430746031121,87141725917.0,87141725095.0,0.0,TRX,0.13277603571344368,300692273.0,11570332912.0,1.0035,1.0195,1.0313,1.1123,1.0712,1.7066,23,10,7,July,2024
23:29:39,2024-07-10,TRON,10,2493,102,237,43,0.2947430746031121,87141725917.0,87141725095.0,0.0,TRX,0.13268912428353183,300647938.0,11562759300.0,1.0029,1.0188,1.0306,1.1116,1.0705,1.7054,23,10,7,July,2024
23:30:04,2024-07-10,TRON,10,2493,102,237,43,0.2947430746031121,87141725917.0,87141725095.0,0.0,TRX,0.13264018983109613,300508114.0,11558495067.0,1.0025,1.0184,1.0302,1.1111,1.0701,1.7048,23,10,7,July,2024
23:30:22,2024-07-10,TRON,10,2493,102,237,43,0.2947430746031121,87141725917.0,87141725095.0,0.0,TRX,0.13264018983109613,300508114.0,11558495067.0,1.0025,1.0184,1.0302,1.1111,1.0701,1.7048,23,10,7,July,2024
23:30:44,2024-07-10,TRON,10,2493,102,237,43,0.2947430746031121,87141725917.0,87141725095.0,0.0,TRX,0.1327025301787887,300775073.0,11563927513.0,1.003,1.0189,1.0307,1.1117,1.0706,1.7056,23,10,7,July,2024
23:31:07,2024-07-10,TRON,10,2493,102,237,43,0.2947430746031121,87141725917.0,87141725095.0,0.0,TRX,0.13270256044119416,300724321.0,11563930150.0,1.0015,1.0188,1.0306,1.1115,1.0704,1.7066,23,10,7,July,2024
23:31:28,2024-07-10,TRON,10,2493,102,237,43,0.2947430746031121,87141725917.0,87141725095.0,0.0,TRX,0.13269273573225254,300696665.0,11563074008.0,1.0014,1.0187,1.0305,1.1115,1.0704,1.7065,23,10,7,July,2024
23:31:52,2024-07-10,TRON,10,2493,102,237,43,0.2947430746031121,87141725917.0,87141725095.0,0.0,TRX,0.13270269559679987,300753661.0,11563941928.0,1.0015,1.0188,1.0306,1.1115,1.0704,1.7066,23,10,7,July,2024
23:32:14,2024-07-10,TRON,10,2493,102,237,43,0.2947430746031121,87141725917.0,87141725095.0,0.0,TRX,0.13270269556301675,300689887.0,11563941925.0,1.0015,1.0188,1.0306,1.1115,1.0704,1.7066,23,10,7,July,2024
23:32:37,2024-07-10,TRON,10,2493,102,237,43,0.2947430746031121,87141725917.0,87141725095.0,0.0,TRX,0.1327277822937227,300772662.0,11566128026.0,1.0017,1.019,1.0308,1.1117,1.0706,1.7069,23,10,7,July,2024
23:32:57,2024-07-10,TRON,10,2493,102,237,43,0.2947430746031121,87141725917.0,87141725095.0,0.0,TRX,0.13263554266988964,300685443.0,11558090106.0,1.001,1.0182,1.0301,1.111,1.0699,1.7057,23,10,7,July,2024
23:34:39,2024-07-10,TRON,10,2493,102,237,43,0.2947430746031121,87141725917.0,87141725095.0,0.0,TRX,0.13266628854373202,301231522.0,11560769354.0,1.0012,1.0185,1.0303,1.1112,1.0701,1.7061,23,10,7,July,2024
23:35:03,2024-07-10,TRON,10,2493,102,237,43,0.2947430746031121,87141725917.0,87141725095.0,0.0,TRX,0.1327577772644144,301437740.0,11568741839.0,1.0019,1.0192,1.031,1.112,1.0709,1.7073,23,10,7,July,2024
23:35:27,2024-07-10,TRON,10,2493,102,237,43,0.2947430746031121,87141725917.0,87141725095.0,0.0,TRX,0.13277005732053873,301404397.0,11569811945.0,1.002,1.0193,1.0311,1.1121,1.071,1.7075,23,10,7,July,2024
23:35:48,2024-07-10,TRON,10,2493,102,237,43,0.2947430746031121,87141725917.0,87141725095.0,0.0,TRX,0.1326498734507787,301325359.0,11559338915.0,1.0011,1.0184,1.0302,1.1111,1.07,1.7059,23,10,7,July,2024
23:36:10,2024-07-10,TRON,10,2493,102,237,43,0.2947430746031121,87141725917.0,87141725095.0,0.0,TRX,0.1326573599209218,301326787.0,11559991299.0,1.0012,1.0184,1.0302,1.1112,1.0701,1.706,23,10,7,July,2024
23:36:33,2024-07-10,TRON,10,2493,102,237,43,0.2947430746031121,87141725917.0,87141725095.0,0.0,TRX,0.13282909287487785,301801385.0,11574956405.0,1.0016,1.0201,1.0316,1.1124,1.0739,1.7076,23,10,7,July,2024
23:37:04,2024-07-10,TRON,10,2493,102,237,43,0.2947430746031121,87141725917.0,87141725095.0,0.0,TRX,0.1328267524638938,301876910.0,11574752457.0,1.0016,1.0201,1.0316,1.1123,1.0739,1.7076,23,10,7,July,2024
23:39:04,2024-07-10,TRON,10,2493,102,237,43,0.2947430746031121,87141725917.0,87141725095.0,0.0,TRX,0.13288655433617064,301943663.0,11579963696.0,1.002,1.0205,1.032,1.1128,1.0744,1.7083,23,10,7,July,2024
23:39:27,2024-07-10,TRON,10,2493,102,237,43,0.2947430746031121,87141725917.0,87141725095.0,0.0,TRX,0.13288882513744338,301891769.0,11580161577.0,1.0021,1.0206,1.0321,1.1129,1.0744,1.7084,23,10,7,July,2024
23:39:54,2024-07-10,TRON,10,2493,102,237,43,0.2947430746031121,87141725917.0,87141725095.0,0.0,TRX,0.1329153270972755,301924789.0,11582471004.0,1.0023,1.0208,1.0323,1.1131,1.0746,1.7087,23,10,7,July,2024
23:40:36,2024-07-10,TRON,10,2493,102,237,43,0.2947430746031121,87141725917.0,87141725095.0,0.0,TRX,0.13290474047005835,301848605.0,11581548467.0,1.0022,1.0207,1.0322,1.113,1.0746,1.7086,23,10,7,July,2024
23:40:56,2024-07-10,TRON,10,2493,102,237,43,0.2947430746031121,87141725917.0,87141725095.0,0.0,TRX,0.13277889950697003,301587390.0,11570582468.0,1.0019,1.0197,1.0312,1.1117,1.075,1.7048,23,10,7,July,2024
23:41:19,2024-07-10,TRON,10,2493,102,237,43,0.2947430746031121,87141725917.0,87141725095.0,0.0,TRX,0.13277835274540678,301517788.0,11570534822.0,1.0019,1.0197,1.0312,1.1116,1.075,1.7048,23,10,7,July,2024
23:41:39,2024-07-10,TRON,10,2493,102,237,43,0.2947430746031121,87141725917.0,87141725095.0,0.0,TRX,0.13277835274540678,301517788.0,11570534822.0,1.0019,1.0197,1.0312,1.1116,1.075,1.7048,23,10,7,July,2024
23:41:59,2024-07-10,TRON,10,2493,102,237,43,0.2947430746031121,87141725917.0,87141725095.0,0.0,TRX,0.13279588978405182,301656510.0,11572063030.0,1.002,1.0198,1.0314,1.1118,1.0751,1.7051,23,10,7,July,2024
23:42:20,2024-07-10,TRON,10,2493,102,237,43,0.2947430746031121,87141725917.0,87141725095.0,0.0,TRX,0.1327958882983731,301616175.0,11572062901.0,1.002,1.0198,1.0314,1.1118,1.0751,1.7051,23,10,7,July,2024
23:42:43,2024-07-10,TRON,10,2493,102,237,43,0.2947430746031121,87141725917.0,87141725095.0,0.0,TRX,0.1326495820311476,301420003.0,11559313520.0,1.0009,1.0187,1.0302,1.1106,1.074,1.7032,23,10,7,July,2024
23:43:06,2024-07-10,TRON,10,2493,102,237,43,0.2947430746031121,87141725917.0,87141725095.0,0.0,TRX,0.13267035274820949,301597661.0,11561123516.0,1.0011,1.0189,1.0304,1.1107,1.0741,1.7035,23,10,7,July,2024
23:43:32,2024-07-10,TRON,10,2493,102,237,43,0.2947430746031121,87141725917.0,87141725095.0,0.0,TRX,0.1326699835385438,301768177.0,11561091342.0,1.0011,1.0188,1.0304,1.1107,1.0741,1.7035,23,10,7,July,2024
23:43:53,2024-07-10,TRON,10,2493,102,237,43,0.2947430746031121,87141725917.0,87141725095.0,0.0,TRX,0.1327049302287599,301784286.0,11564136657.0,1.0014,1.0191,1.0307,1.111,1.0744,1.7039,23,10,7,July,2024
23:44:14,2024-07-10,TRON,10,2493,102,237,43,0.2947430746031121,87141725917.0,87141725095.0,0.0,TRX,0.13270503682937757,301720761.0,11564145947.0,1.0014,1.0191,1.0307,1.111,1.0744,1.7039,23,10,7,July,2024
23:44:34,2024-07-10,TRON,10,2493,102,237,43,0.2947430746031121,87141725917.0,87141725095.0,0.0,TRX,0.13269475931441027,301753772.0,11563250346.0,1.0013,1.019,1.0306,1.1109,1.0743,1.7038,23,10,7,July,2024
23:44:55,2024-07-10,TRON,10,2493,102,237,43,0.2947430746031121,87141725917.0,87141725095.0,0.0,TRX,0.13285150190676034,302204139.0,11576909166.0,1.0025,1.0202,1.0318,1.1123,1.0756,1.7058,23,10,7,July,2024
23:45:44,2024-07-10,TRON,10,2493,102,237,43,0.2947430746031121,87141725917.0,87141725095.0,0.0,TRX,0.13292458205310909,302165570.0,11583277496.0,1.003,1.0208,1.0324,1.1129,1.0762,1.7067,23,10,7,July,2024
23:48:45,2024-07-10,TRON,10,2493,102,237,43,0.2947430746031121,87141725917.0,87141725095.0,0.0,TRX,0.13285682081803368,302168005.0,11577372665.0,1.0013,1.021,1.0318,1.114,1.0752,1.7085,23,10,7,July,2024
23:50:21,2024-07-10,TRON,10,2493,102,237,43,0.2947430746031121,87141725917.0,87141725095.0,0.0,TRX,0.13287541018593502,302139873.0,11578992575.0,1.0014,1.0211,1.0319,1.1142,1.0754,1.7088,23,10,7,July,2024
23:51:24,2024-07-10,TRON,10,2493,102,237,43,0.2947430746031121,87141725917.0,87141725095.0,0.0,TRX,0.13288874969746564,302201129.0,11580155003.0,1.0013,1.0202,1.032,1.1144,1.0756,1.7094,23,10,7,July,2024
23:51:47,2024-07-10,TRON,10,2493,102,237,43,0.2947430746031121,87141725917.0,87141725095.0,0.0,TRX,0.1327768796056518,302006283.0,11570406450.0,1.0004,1.0194,1.0312,1.1135,1.0747,1.708,23,10,7,July,2024
23:52:11,2024-07-10,TRON,10,2493,102,237,43,0.2947430746031121,87141725917.0,87141725095.0,0.0,TRX,0.1327769086544864,301946681.0,11570408982.0,1.0004,1.0194,1.0312,1.1135,1.0747,1.708,23,10,7,July,2024
23:52:33,2024-07-10,TRON,10,2493,102,237,43,0.2947430746031121,87141725917.0,87141725095.0,0.0,TRX,0.13277661601526258,302013018.0,11570383480.0,1.0004,1.0194,1.0312,1.1135,1.0747,1.708,23,10,7,July,2024
23:52:53,2024-07-10,TRON,10,2493,102,237,43,0.2947430746031121,87141725917.0,87141725095.0,0.0,TRX,0.13277661601526258,302013018.0,11570383480.0,1.0004,1.0194,1.0312,1.1135,1.0747,1.708,23,10,7,July,2024
23:53:16,2024-07-10,TRON,10,2493,102,237,43,0.2947430746031121,87141725917.0,87141725095.0,0.0,TRX,0.13282596916434194,302215116.0,11574684199.0,1.0008,1.0198,1.0315,1.1139,1.0751,1.7086,23,10,7,July,2024
23:53:36,2024-07-10,TRON,10,2493,102,237,43,0.2947430746031121,87141725917.0,87141725095.0,0.0,TRX,0.1328261120182749,302405538.0,11574696648.0,1.0008,1.0198,1.0315,1.1139,1.0751,1.7086,23,10,7,July,2024
23:54:03,2024-07-10,TRON,10,2493,102,237,43,0.2947430746031121,87141725917.0,87141725095.0,0.0,TRX,0.13282378072023596,302376259.0,11574493494.0,1.0008,1.0197,1.0315,1.1139,1.0751,1.7086,23,10,7,July,2024
23:54:26,2024-07-10,TRON,10,2493,102,237,43,0.2947430746031121,87141725917.0,87141725095.0,0.0,TRX,0.13282365746543953,302310161.0,11574482754.0,1.0008,1.0197,1.0315,1.1139,1.0751,1.7086,23,10,7,July,2024
23:54:51,2024-07-10,TRON,10,2493,102,237,43,0.2947430746031121,87141725917.0,87141725095.0,0.0,TRX,0.1328264008375394,302190730.0,11574721816.0,1.0008,1.0198,1.0315,1.1139,1.0751,1.7086,23,10,7,July,2024
23:55:11,2024-07-10,TRON,10,2493,102,237,43,0.2947430746031121,87141725917.0,87141725095.0,0.0,TRX,0.13282640083314323,302142974.0,11574721815.0,1.0008,1.0198,1.0315,1.1139,1.0751,1.7086,23,10,7,July,2024
23:55:34,2024-07-10,TRON,10,2493,102,237,43,0.2947430746031121,87141725917.0,87141725095.0,0.0,TRX,0.13272131426523393,302023587.0,11565564391.0,1.0,1.019,1.0307,1.113,1.0743,1.7072,23,10,7,July,2024
23:55:53,2024-07-10,TRON,10,2493,102,237,43,0.2947430746031121,87141725917.0,87141725095.0,0.0,TRX,0.13279369772018043,302215005.0,11571872010.0,1.0006,1.0195,1.0313,1.1136,1.0749,1.7082,23,10,7,July,2024
