Time,Date,Name,Rank,Age,Exchanges,Markets,Pairs,All_Time_High,Circulating_Supply,Total_Supply,Max_Supply,Code,Rate,Volume,Cap,Delta_Hour_Change,Delta_Day_Change,Delta_Week_Change,Delta_Month_Change,Delta_Quarter_Change,Delta_Year_Change,Hour,Day,Month_Number,Month_Name,Year
15:46:49,2024-07-06,USD Coin,6,2097,266,2233,1182,1.087,33700523792.0,33700523792.0,,USDC,1.0003934769263934,2127266628.0,33713784170.0,1.0,1.0021,0.9994,1.0012,1.0006,1.0043,15,6,7,July,2024
15:48:44,2024-07-06,USD Coin,6,2097,266,2233,1182,1.087,33700523792.0,33700523792.0,,USDC,1.000416289823963,2126525445.0,33714552977.0,1.0001,1.0021,0.9994,1.0012,1.0007,1.0043,15,6,7,July,2024
17:34:01,2024-07-06,USD Coin,6,2097,266,2232,1175,1.087,33701345965.0,33701345965.0,0.0,USDC,1.000336031004453,2076342377.0,33712670662.0,1.0001,1.0019,0.9995,1.0013,1.0003,1.0044,17,6,7,July,2024
17:36:11,2024-07-06,USD Coin,6,2097,266,2233,1176,1.087,33701345965.0,33701345965.0,0.0,USDC,1.0003119242239655,2075699881.0,33711858231.0,1.0002,1.0018,0.9995,1.0012,1.0003,1.0044,17,6,7,July,2024
18:09:06,2024-07-06,USD Coin,6,2097,266,2234,1178,1.087,33701345965.0,33701345965.0,0.0,USDC,1.0004115496509483,2061973176.0,33715215742.0,1.0001,1.0021,0.9996,1.0013,1.0003,1.0043,18,6,7,July,2024
18:11:19,2024-07-06,USD Coin,6,2097,266,2233,1178,1.087,33701345965.0,33701345965.0,0.0,USDC,1.0004077708478485,2052721483.0,33715088391.0,1.0002,1.0021,0.9996,1.0013,1.0004,1.0032,18,6,7,July,2024
00:54:03,2024-07-07,USD Coin,6,2098,263,2204,1165,1.087,33720882924.0,33720882924.0,0.0,USDC,1.0009904015480362,1878390134.0,33754280138.0,0.9999,0.9996,1.0002,1.0012,1.0007,1.0037,0,7,7,July,2024
01:04:09,2024-07-07,USD Coin,6,2098,263,2204,1165,1.087,33720882924.0,33720882924.0,0.0,USDC,1.0009810922048903,1879910094.0,33753966219.0,0.9999,0.9996,1.0002,1.0012,1.0006,1.0037,1,7,7,July,2024
01:05:21,2024-07-07,USD Coin,6,2098,263,2204,1165,1.087,33720882924.0,33720882924.0,0.0,USDC,1.0009728188481135,1877994656.0,33753687234.0,0.9999,0.9996,1.0002,1.0012,1.0006,1.0037,1,7,7,July,2024
01:05:42,2024-07-07,USD Coin,6,2098,263,2204,1165,1.087,33720882924.0,33720882924.0,0.0,USDC,1.0009743073866617,1877555578.0,33753737429.0,0.9999,0.9996,1.0002,1.0012,1.0006,1.0037,1,7,7,July,2024
01:06:04,2024-07-07,USD Coin,6,2098,263,2204,1165,1.087,33720882924.0,33720882924.0,0.0,USDC,1.0009738820798568,1868666129.0,33753723087.0,0.9999,0.9996,1.0002,1.0011,1.0006,1.0037,1,7,7,July,2024
01:06:28,2024-07-07,USD Coin,6,2098,263,2204,1165,1.087,33720882924.0,33720882924.0,0.0,USDC,1.0009653300236074,1868502857.0,33753434704.0,0.9999,0.9996,1.0002,1.0011,1.0006,1.0037,1,7,7,July,2024
01:06:49,2024-07-07,USD Coin,6,2098,263,2203,1164,1.087,33720882924.0,33720882924.0,0.0,USDC,1.000968573083338,1877106870.0,33753544063.0,0.9999,0.9996,1.0002,1.0011,1.0006,1.0037,1,7,7,July,2024
01:07:13,2024-07-07,USD Coin,6,2098,263,2203,1164,1.087,33720882924.0,33720882924.0,0.0,USDC,1.0009653862533103,1878281878.0,33753436600.0,0.9999,0.9996,1.0002,1.0011,1.0006,1.0037,1,7,7,July,2024
01:07:34,2024-07-07,USD Coin,6,2098,263,2203,1164,1.087,33720882924.0,33720882924.0,0.0,USDC,1.0009554826666338,1879154190.0,33753102643.0,0.9999,0.9996,1.0001,1.0011,1.0006,1.0037,1,7,7,July,2024
01:07:58,2024-07-07,USD Coin,6,2098,263,2203,1164,1.087,33720882924.0,33720882924.0,0.0,USDC,1.000955482759041,1870727483.0,33753102646.0,0.9999,0.9996,1.0001,1.0011,1.0006,1.0037,1,7,7,July,2024
01:08:18,2024-07-07,USD Coin,6,2098,263,2202,1163,1.087,33720882924.0,33720882924.0,0.0,USDC,1.0009549393895352,1869912535.0,33753084323.0,0.9999,0.9996,1.0001,1.0011,1.0006,1.0037,1,7,7,July,2024
01:08:43,2024-07-07,USD Coin,6,2098,263,2202,1163,1.087,33720882924.0,33720882924.0,0.0,USDC,1.000961563119405,1869698856.0,33753307681.0,0.9999,0.9996,1.0001,1.0011,1.0006,1.0037,1,7,7,July,2024
01:09:05,2024-07-07,USD Coin,6,2098,263,2202,1163,1.087,33720882924.0,33720882924.0,0.0,USDC,1.0009479094935259,1869235375.0,33752847269.0,0.9999,0.9996,1.0001,1.0011,1.0006,1.0037,1,7,7,July,2024
01:09:29,2024-07-07,USD Coin,6,2098,263,2202,1163,1.087,33720882924.0,33720882924.0,0.0,USDC,1.0009473425275357,1869737149.0,33752828150.0,0.9999,0.9996,1.0001,1.0011,1.0006,1.0037,1,7,7,July,2024
01:10:02,2024-07-07,USD Coin,6,2098,263,2202,1163,1.087,33720882924.0,33720882924.0,0.0,USDC,1.0009421877452287,1870462786.0,33752654326.0,0.9999,0.9996,1.0001,1.0011,1.0006,1.0037,1,7,7,July,2024
01:11:19,2024-07-07,USD Coin,6,2098,263,2202,1163,1.087,33720882924.0,33720882924.0,0.0,USDC,1.0009406881980607,1872753416.0,33752603760.0,0.9998,0.9996,1.0002,1.0011,1.0006,1.0036,1,7,7,July,2024
01:11:43,2024-07-07,USD Coin,6,2098,263,2202,1163,1.087,33720882924.0,33720882924.0,0.0,USDC,1.0009405840013386,1872959091.0,33752600246.0,0.9998,0.9996,1.0002,1.0011,1.0006,1.0036,1,7,7,July,2024
01:12:00,2024-07-07,USD Coin,6,2098,263,2201,1162,1.087,33720882924.0,33720882924.0,0.0,USDC,1.000940322283673,1880623349.0,33752591421.0,0.9998,0.9996,1.0002,1.0011,1.0006,1.0036,1,7,7,July,2024
01:12:23,2024-07-07,USD Coin,6,2098,263,2201,1162,1.087,33720882924.0,33720882924.0,0.0,USDC,1.0009215783305754,1882124604.0,33751959358.0,0.9998,0.9996,1.0001,1.0011,1.0006,1.0036,1,7,7,July,2024
01:12:48,2024-07-07,USD Coin,6,2098,263,2201,1162,1.087,33720882924.0,33720882924.0,0.0,USDC,1.0009215783485415,1873819475.0,33751959359.0,0.9998,0.9996,1.0001,1.0011,1.0006,1.0036,1,7,7,July,2024
01:13:14,2024-07-07,USD Coin,6,2098,263,2201,1162,1.087,33720882924.0,33720882924.0,0.0,USDC,1.0009359458665643,1874979288.0,33752443844.0,0.9998,0.9996,1.0002,1.0011,1.0006,1.0036,1,7,7,July,2024
01:13:58,2024-07-07,USD Coin,6,2098,263,2200,1161,1.087,33720882924.0,33720882924.0,0.0,USDC,1.0009432967002008,1875400696.0,33752691721.0,0.9998,0.9996,1.0002,1.0011,1.0006,1.0036,1,7,7,July,2024
01:14:21,2024-07-07,USD Coin,6,2098,263,2199,1161,1.087,33720882924.0,33720882924.0,0.0,USDC,1.00094827453625,1884917032.0,33752859578.0,0.9998,0.9996,1.0002,1.0011,1.0006,1.0036,1,7,7,July,2024
01:14:42,2024-07-07,USD Coin,6,2098,263,2199,1161,1.087,33720882924.0,33720882924.0,0.0,USDC,1.000948048785243,1884665367.0,33752851966.0,0.9998,0.9996,1.0002,1.0011,1.0006,1.0036,1,7,7,July,2024
01:15:04,2024-07-07,USD Coin,6,2098,263,2199,1161,1.087,33720882924.0,33720882924.0,0.0,USDC,1.0009458130433013,1883832160.0,33752776574.0,0.9998,0.9996,1.0002,1.0011,1.0006,1.0036,1,7,7,July,2024
01:16:36,2024-07-07,USD Coin,6,2098,263,2199,1161,1.087,33720882924.0,33720882924.0,0.0,USDC,1.0009287998503376,1885179863.0,33752202875.0,0.9998,0.9996,1.0001,1.0011,1.0006,1.0036,1,7,7,July,2024
01:16:58,2024-07-07,USD Coin,6,2098,263,2199,1161,1.087,33720882924.0,33720882924.0,0.0,USDC,1.000932101717331,1876653537.0,33752314216.0,0.9998,0.9996,1.0002,1.0011,1.0006,1.0036,1,7,7,July,2024
01:17:22,2024-07-07,USD Coin,6,2098,263,2199,1161,1.087,33720882924.0,33720882924.0,0.0,USDC,1.000952323892671,1878185231.0,33752996126.0,0.9998,0.9996,1.0002,1.0011,1.0006,1.0036,1,7,7,July,2024
01:17:44,2024-07-07,USD Coin,6,2098,263,2199,1161,1.087,33720882924.0,33720882924.0,0.0,USDC,1.000937812423132,1877916391.0,33752506786.0,0.9998,0.9996,1.0002,1.0011,1.0006,1.0036,1,7,7,July,2024
01:18:25,2024-07-07,USD Coin,6,2098,263,2199,1161,1.087,33720882924.0,33720882924.0,0.0,USDC,1.0009358889232547,1886780313.0,33752441924.0,0.9998,0.9996,1.0002,1.0011,1.0006,1.0036,1,7,7,July,2024
01:20:02,2024-07-07,USD Coin,6,2098,263,2198,1160,1.087,33720882924.0,33720882924.0,0.0,USDC,1.0009402074456135,1886529739.0,33752587549.0,0.9998,0.9996,1.0002,1.0011,1.0006,1.0036,1,7,7,July,2024
01:30:07,2024-07-07,USD Coin,6,2098,263,2198,1160,1.087,33720882924.0,33720882924.0,0.0,USDC,1.0009402074456135,1886529739.0,33752587549.0,0.9998,0.9996,1.0002,1.0011,1.0006,1.0036,1,7,7,July,2024
01:30:40,2024-07-07,USD Coin,6,2098,262,2195,1158,1.087,33720882924.0,33720882924.0,0.0,USDC,1.000933267187926,1885633636.0,33752353517.0,1.0001,0.9996,1.0002,1.001,1.0007,1.0037,1,7,7,July,2024
01:31:00,2024-07-07,USD Coin,6,2098,262,2195,1158,1.087,33720882924.0,33720882924.0,0.0,USDC,1.000933267187926,1885633636.0,33752353517.0,1.0001,0.9996,1.0002,1.001,1.0007,1.0037,1,7,7,July,2024
01:31:23,2024-07-07,USD Coin,6,2098,262,2194,1158,1.087,33720882924.0,33720882924.0,0.0,USDC,1.0009328411607377,1878039790.0,33752339151.0,1.0001,0.9996,1.0001,1.001,1.0007,1.0037,1,7,7,July,2024
01:31:56,2024-07-07,USD Coin,6,2098,262,2194,1158,1.087,33720882924.0,33720882924.0,0.0,USDC,1.0009294095722756,1885841788.0,33752223435.0,1.0001,0.9996,1.0001,1.001,1.0007,1.0037,1,7,7,July,2024
01:32:39,2024-07-07,USD Coin,6,2098,262,2194,1158,1.087,33720882924.0,33720882924.0,0.0,USDC,1.000940464779545,1887011742.0,33752596226.0,1.0001,0.9996,1.0001,1.001,1.0007,1.0037,1,7,7,July,2024
01:44:41,2024-07-07,USD Coin,6,2098,262,2192,1157,1.087,33723907388.0,33723907388.0,0.0,USDC,1.000990720754465,1878353333.0,33757318362.0,0.9999,0.9996,1.0002,1.001,1.0007,1.0036,1,7,7,July,2024
01:44:49,2024-07-07,USD Coin,6,2098,262,2192,1157,1.087,33723907388.0,33723907388.0,0.0,USDC,1.0009905887152226,1878497772.0,33757313910.0,0.9999,0.9996,1.0002,1.001,1.0007,1.0036,1,7,7,July,2024
01:44:57,2024-07-07,USD Coin,6,2098,262,2192,1157,1.087,33723907388.0,33723907388.0,0.0,USDC,1.000973182793431,1878183214.0,33756726914.0,0.9999,0.9996,1.0002,1.001,1.0007,1.0036,1,7,7,July,2024
01:46:36,2024-07-07,USD Coin,6,2098,262,2192,1157,1.087,33723907388.0,33723907388.0,0.0,USDC,1.0009953303422485,1885739717.0,33757473816.0,0.9999,0.9995,1.0002,1.001,1.0008,1.0037,1,7,7,July,2024
01:46:59,2024-07-07,USD Coin,6,2098,262,2192,1157,1.087,33723907388.0,33723907388.0,0.0,USDC,1.000995329948741,1877062212.0,33757473803.0,0.9999,0.9995,1.0002,1.001,1.0008,1.0037,1,7,7,July,2024
01:47:21,2024-07-07,USD Coin,6,2098,262,2192,1157,1.087,33723907388.0,33723907388.0,0.0,USDC,1.0009949280297956,1877271103.0,33757460248.0,0.9999,0.9995,1.0002,1.001,1.0008,1.0037,1,7,7,July,2024
01:47:42,2024-07-07,USD Coin,6,2098,262,2192,1157,1.087,33723907388.0,33723907388.0,0.0,USDC,1.0009826634661898,1877443828.0,33757046639.0,0.9999,0.9995,1.0001,1.001,1.0008,1.0037,1,7,7,July,2024
01:48:13,2024-07-07,USD Coin,6,2098,262,2192,1157,1.087,33723907388.0,33723907388.0,0.0,USDC,1.0009821671255155,1877393280.0,33757029901.0,0.9999,0.9995,1.0001,1.001,1.0008,1.0037,1,7,7,July,2024
01:49:53,2024-07-07,USD Coin,6,2098,262,2191,1156,1.087,33723907388.0,33723907388.0,0.0,USDC,1.0009611258371078,1871741650.0,33756320306.0,0.9999,0.9995,1.0001,1.001,1.0008,1.0037,1,7,7,July,2024
01:50:16,2024-07-07,USD Coin,6,2098,262,2191,1156,1.087,33723907388.0,33723907388.0,0.0,USDC,1.0009739012717118,1871136176.0,33756751144.0,0.9999,0.9995,1.0001,1.001,1.0008,1.0037,1,7,7,July,2024
01:50:38,2024-07-07,USD Coin,6,2098,262,2191,1156,1.087,33723907388.0,33723907388.0,0.0,USDC,1.0009726141752608,1870812552.0,33756707738.0,0.9999,0.9995,1.0001,1.001,1.0008,1.0037,1,7,7,July,2024
01:51:00,2024-07-07,USD Coin,6,2098,262,2191,1156,1.087,33723907388.0,33723907388.0,0.0,USDC,1.0009725616599436,1878676188.0,33756705967.0,0.9999,0.9995,1.0001,1.001,1.0008,1.0037,1,7,7,July,2024
01:51:23,2024-07-07,USD Coin,6,2098,262,2191,1156,1.087,33723907388.0,33723907388.0,0.0,USDC,1.0009747693250926,1880641458.0,33756780418.0,0.9999,0.9995,1.0002,1.001,1.0007,1.0036,1,7,7,July,2024
01:51:45,2024-07-07,USD Coin,6,2098,262,2191,1156,1.087,33723907388.0,33723907388.0,0.0,USDC,1.000971690275943,1880556439.0,33756676580.0,0.9998,0.9995,1.0002,1.001,1.0007,1.0036,1,7,7,July,2024
01:52:05,2024-07-07,USD Coin,6,2098,262,2191,1156,1.087,33723907388.0,33723907388.0,0.0,USDC,1.0009715110278083,1880710487.0,33756670535.0,0.9998,0.9995,1.0002,1.001,1.0007,1.0036,1,7,7,July,2024
01:52:33,2024-07-07,USD Coin,6,2098,262,2191,1156,1.087,33723907388.0,33723907388.0,0.0,USDC,1.0009677525142642,1881148796.0,33756543784.0,0.9998,0.9995,1.0002,1.001,1.0007,1.0036,1,7,7,July,2024
01:53:06,2024-07-07,USD Coin,6,2098,262,2191,1156,1.087,33723907388.0,33723907388.0,0.0,USDC,1.0009164709358958,1872148244.0,33754814368.0,0.9998,0.9994,1.0001,1.0009,1.0006,1.0036,1,7,7,July,2024
01:53:54,2024-07-07,USD Coin,6,2098,262,2191,1156,1.087,33723907388.0,33723907388.0,0.0,USDC,1.0009166095488535,1873283512.0,33754819043.0,0.9998,0.9994,1.0001,1.0009,1.0006,1.0036,1,7,7,July,2024
01:55:17,2024-07-07,USD Coin,6,2098,262,2191,1156,1.087,33723907388.0,33723907388.0,0.0,USDC,1.0009282975003695,1880821370.0,33755213206.0,0.9998,0.9995,1.0001,1.0009,1.0006,1.0036,1,7,7,July,2024
01:55:49,2024-07-07,USD Coin,6,2098,262,2191,1156,1.087,33723907388.0,33723907388.0,0.0,USDC,1.0009291291923297,1872367132.0,33755241254.0,0.9999,0.9995,1.0001,1.0008,1.0006,1.0036,1,7,7,July,2024
01:56:11,2024-07-07,USD Coin,6,2098,262,2192,1156,1.087,33723907388.0,33723907388.0,0.0,USDC,1.000942410525141,1872373495.0,33755689153.0,0.9999,0.9995,1.0001,1.0008,1.0006,1.0036,1,7,7,July,2024
01:56:33,2024-07-07,USD Coin,6,2098,262,2192,1156,1.087,33723907388.0,33723907388.0,0.0,USDC,1.0009426209996377,1871995444.0,33755696251.0,0.9999,0.9995,1.0001,1.0008,1.0006,1.0036,1,7,7,July,2024
01:56:56,2024-07-07,USD Coin,6,2098,262,2192,1156,1.087,33723907388.0,33723907388.0,0.0,USDC,1.0009466892044294,1871455329.0,33755833447.0,0.9999,0.9995,1.0002,1.0008,1.0006,1.0036,1,7,7,July,2024
01:57:19,2024-07-07,USD Coin,6,2098,262,2192,1156,1.087,33723907388.0,33723907388.0,0.0,USDC,1.0008956619677125,1871846157.0,33754112609.0,0.9999,0.9994,1.0001,1.0008,1.0006,1.0036,1,7,7,July,2024
01:57:43,2024-07-07,USD Coin,6,2098,262,2192,1156,1.087,33723907388.0,33723907388.0,0.0,USDC,1.0009048718668496,1871615892.0,33754423203.0,0.9999,0.9994,1.0001,1.0008,1.0006,1.0036,1,7,7,July,2024
01:58:07,2024-07-07,USD Coin,6,2098,262,2192,1156,1.087,33723907388.0,33723907388.0,0.0,USDC,1.0008996128029366,1879496178.0,33754245846.0,0.9999,0.9994,1.0001,1.0008,1.0006,1.0036,1,7,7,July,2024
01:58:27,2024-07-07,USD Coin,6,2098,262,2193,1157,1.087,33723907388.0,33723907388.0,0.0,USDC,1.000900139886068,1880232987.0,33754263622.0,0.9999,0.9994,1.0001,1.0008,1.0006,1.0036,1,7,7,July,2024
01:58:48,2024-07-07,USD Coin,6,2098,262,2193,1157,1.087,33723907388.0,33723907388.0,0.0,USDC,1.0008839101953362,1871718319.0,33753716293.0,0.9998,0.9994,1.0001,1.0008,1.0006,1.0036,1,7,7,July,2024
01:59:09,2024-07-07,USD Coin,6,2098,262,2193,1157,1.087,33723907388.0,33723907388.0,0.0,USDC,1.0008839100530345,1871588798.0,33753716288.0,0.9998,0.9994,1.0001,1.0008,1.0006,1.0036,1,7,7,July,2024
01:59:29,2024-07-07,USD Coin,6,2098,262,2193,1157,1.087,33723907388.0,33723907388.0,0.0,USDC,1.0008759660774786,1871523251.0,33753448386.0,0.9998,0.9994,1.0001,1.0008,1.0006,1.0036,1,7,7,July,2024
02:00:00,2024-07-07,USD Coin,6,2098,262,2193,1157,1.087,33723907388.0,33723907388.0,0.0,USDC,1.0008903036840398,1871147872.0,33753931906.0,0.9998,0.9994,1.0001,1.0008,1.0006,1.0036,2,7,7,July,2024
02:00:26,2024-07-07,USD Coin,6,2098,262,2193,1157,1.087,33723907388.0,33723907388.0,0.0,USDC,1.0009255502338301,1871543731.0,33755120558.0,0.9999,0.9995,1.0001,1.0008,1.0006,1.0036,2,7,7,July,2024
02:00:50,2024-07-07,USD Coin,6,2098,262,2193,1157,1.087,33723907388.0,33723907388.0,0.0,USDC,1.000917252968518,1879271885.0,33754840742.0,0.9999,0.9994,1.0002,1.0008,1.0007,1.0036,2,7,7,July,2024
02:01:13,2024-07-07,USD Coin,6,2098,262,2193,1157,1.087,33723907388.0,33723907388.0,0.0,USDC,1.0009170322208552,1879266897.0,33754833297.0,0.9999,0.9994,1.0002,1.0008,1.0007,1.0036,2,7,7,July,2024
11:27:51,2024-07-07,USD Coin,6,2098,262,2162,1152,1.087,33751595514.0,33751595514.0,0.0,USDC,1.0005248270153717,1890673696.0,33769309263.0,1.0,0.9994,0.9998,0.996,1.0015,1.0021,11,7,7,July,2024
11:28:10,2024-07-07,USD Coin,6,2098,262,2162,1152,1.087,33751595514.0,33751595514.0,0.0,USDC,1.0005266957941608,1882858978.0,33769372337.0,1.0,0.9994,0.9998,0.996,1.0015,1.0021,11,7,7,July,2024
11:28:38,2024-07-07,USD Coin,6,2098,262,2162,1152,1.087,33751595514.0,33751595514.0,0.0,USDC,1.0004995897999367,1882965498.0,33768457466.0,0.9999,0.9994,0.9998,0.9959,1.0015,1.0021,11,7,7,July,2024
11:28:59,2024-07-07,USD Coin,6,2098,262,2162,1152,1.087,33751595514.0,33751595514.0,0.0,USDC,1.0005096692908877,1890884627.0,33768797665.0,1.0,0.9994,0.9998,0.9959,1.0015,1.0021,11,7,7,July,2024
11:30:33,2024-07-07,USD Coin,6,2098,262,2161,1152,1.087,33751595514.0,33751595514.0,0.0,USDC,1.0005031013694237,1890398141.0,33768575987.0,0.9999,0.9994,0.9998,0.9959,1.0015,1.0021,11,7,7,July,2024
11:30:57,2024-07-07,USD Coin,6,2098,262,2161,1152,1.087,33751595514.0,33751595514.0,0.0,USDC,1.0004914839632926,1881631736.0,33768183881.0,0.9999,0.9994,0.9997,0.9959,1.0015,1.0021,11,7,7,July,2024
11:31:18,2024-07-07,USD Coin,6,2098,262,2161,1152,1.087,33751595514.0,33751595514.0,0.0,USDC,1.0004859967853283,1881093827.0,33767998680.0,0.9999,0.9997,0.9997,0.9958,1.0015,1.002,11,7,7,July,2024
11:31:40,2024-07-07,USD Coin,6,2098,262,2161,1152,1.087,33751595514.0,33751595514.0,0.0,USDC,1.000485884174158,1881573570.0,33767994880.0,0.9999,0.9997,0.9997,0.9958,1.0015,1.002,11,7,7,July,2024
11:32:03,2024-07-07,USD Coin,6,2098,262,2161,1152,1.087,33751595514.0,33751595514.0,0.0,USDC,1.000493405538157,1888442243.0,33768248738.0,0.9999,0.9997,0.9997,0.9958,1.0015,1.002,11,7,7,July,2024
11:32:26,2024-07-07,USD Coin,6,2098,262,2160,1152,1.087,33751595514.0,33751595514.0,0.0,USDC,1.0004932219192852,1887382569.0,33768242540.0,0.9999,0.9997,0.9997,0.9958,1.0015,1.002,11,7,7,July,2024
11:32:48,2024-07-07,USD Coin,6,2098,262,2160,1152,1.087,33751595514.0,33751595514.0,0.0,USDC,1.0005134266281988,1886337135.0,33768924481.0,1.0,0.9997,0.9997,0.9959,1.0015,1.002,11,7,7,July,2024
11:33:09,2024-07-07,USD Coin,6,2098,262,2160,1152,1.087,33751595514.0,33751595514.0,0.0,USDC,1.000513426434523,1885927510.0,33768924475.0,1.0,0.9997,0.9997,0.9959,1.0015,1.002,11,7,7,July,2024
11:33:33,2024-07-07,USD Coin,6,2098,262,2160,1152,1.087,33751595514.0,33751595514.0,0.0,USDC,1.00055997164476,1884826279.0,33770495450.0,1.0,0.9997,0.9998,0.9959,1.0016,1.0021,11,7,7,July,2024
11:33:53,2024-07-07,USD Coin,6,2098,262,2160,1152,1.087,33751595514.0,33751595514.0,0.0,USDC,1.0005612480370611,1884296660.0,33770538530.0,1.0,0.9997,0.9998,0.9959,1.0016,1.0021,11,7,7,July,2024
11:34:13,2024-07-07,USD Coin,6,2098,262,2160,1152,1.087,33751595514.0,33751595514.0,0.0,USDC,1.0005420897785857,1884251281.0,33769891908.0,1.0,0.9997,0.9997,0.9959,1.0016,1.0021,11,7,7,July,2024
11:34:39,2024-07-07,USD Coin,6,2098,262,2160,1152,1.087,33751595514.0,33751595514.0,0.0,USDC,1.0005133834602091,1884213975.0,33768923024.0,1.0,0.9997,0.9997,0.9959,1.0015,1.002,11,7,7,July,2024
11:35:00,2024-07-07,USD Coin,6,2098,262,2160,1152,1.087,33751595514.0,33751595514.0,0.0,USDC,1.0005127446542474,1876084501.0,33768901464.0,1.0,0.9997,0.9997,0.9959,1.0015,1.002,11,7,7,July,2024
11:35:22,2024-07-07,USD Coin,6,2098,262,2160,1152,1.087,33751595514.0,33751595514.0,0.0,USDC,1.0004941979867388,1875617762.0,33768275484.0,0.9999,0.9997,0.9997,0.9958,1.0016,1.002,11,7,7,July,2024
11:35:43,2024-07-07,USD Coin,6,2098,262,2160,1152,1.087,33751595514.0,33751595514.0,0.0,USDC,1.0004941979117912,1875099638.0,33768275482.0,0.9999,0.9997,0.9997,0.9958,1.0016,1.002,11,7,7,July,2024
11:36:05,2024-07-07,USD Coin,6,2098,262,2160,1152,1.087,33751595514.0,33751595514.0,0.0,USDC,1.000519099950975,1874300161.0,33769115965.0,1.0,0.9997,0.9998,0.9959,1.0016,1.002,11,7,7,July,2024
11:36:26,2024-07-07,USD Coin,6,2098,262,2160,1152,1.087,33751595514.0,33751595514.0,0.0,USDC,1.0004925151779334,1874278903.0,33768218687.0,0.9999,0.9996,0.9997,0.9958,1.0016,1.002,11,7,7,July,2024
11:36:49,2024-07-07,USD Coin,6,2098,262,2160,1152,1.087,33751595514.0,33751595514.0,0.0,USDC,1.000492515022694,1873135343.0,33768218681.0,0.9999,0.9996,0.9997,0.9958,1.0016,1.002,11,7,7,July,2024
11:37:11,2024-07-07,USD Coin,6,2098,262,2160,1152,1.087,33751595514.0,33751595514.0,0.0,USDC,1.000488365223877,1872642229.0,33768078619.0,0.9999,0.9996,0.9997,0.9958,1.0016,1.002,11,7,7,July,2024
11:37:37,2024-07-07,USD Coin,6,2098,262,2160,1152,1.087,33751595514.0,33751595514.0,0.0,USDC,1.000490517988834,1872453055.0,33768151278.0,0.9999,0.9996,0.9997,0.9958,1.0016,1.002,11,7,7,July,2024
11:38:00,2024-07-07,USD Coin,6,2098,262,2160,1152,1.087,33751595514.0,33751595514.0,0.0,USDC,1.0004941407520462,1871927860.0,33768273552.0,0.9999,0.9997,0.9997,0.9958,1.0016,1.002,11,7,7,July,2024
11:38:27,2024-07-07,USD Coin,6,2098,262,2160,1152,1.087,33751595514.0,33751595514.0,0.0,USDC,1.0004991757946424,1878871465.0,33768443493.0,0.9999,0.9997,0.9997,0.9959,1.0016,1.002,11,7,7,July,2024
11:39:14,2024-07-07,USD Coin,6,2098,262,2159,1152,1.087,33751595514.0,33751595514.0,0.0,USDC,1.0004929539644996,1879755724.0,33768233496.0,0.9999,0.9996,0.9997,0.9958,1.0016,1.002,11,7,7,July,2024
11:40:25,2024-07-07,USD Coin,6,2098,262,2159,1152,1.087,33751595514.0,33751595514.0,0.0,USDC,1.0005372213212733,1879739073.0,33769727590.0,1.0,0.9997,0.9998,0.9959,1.0016,1.002,11,7,7,July,2024
11:40:48,2024-07-07,USD Coin,6,2098,262,2159,1152,1.087,33751595514.0,33751595514.0,0.0,USDC,1.0005372156600933,1879564839.0,33769727399.0,1.0,0.9998,0.9998,0.9959,1.0014,1.0021,11,7,7,July,2024
11:41:10,2024-07-07,USD Coin,6,2098,262,2159,1152,1.087,33751595514.0,33751595514.0,0.0,USDC,1.0005120868902362,1871489214.0,33768879263.0,1.0,0.9998,0.9998,0.9959,1.0014,1.0021,11,7,7,July,2024
11:41:31,2024-07-07,USD Coin,6,2098,262,2159,1152,1.087,33751595514.0,33751595514.0,0.0,USDC,1.0004885084928736,1872072703.0,33768083455.0,1.0,0.9997,0.9998,0.9959,1.0014,1.0021,11,7,7,July,2024
11:41:52,2024-07-07,USD Coin,6,2098,262,2159,1152,1.087,33751595514.0,33751595514.0,0.0,USDC,1.000515560224547,1872360554.0,33768996494.0,1.0,0.9998,0.9998,0.9959,1.0014,1.0021,11,7,7,July,2024
11:42:15,2024-07-07,USD Coin,6,2098,262,2159,1152,1.087,33751595514.0,33751595514.0,0.0,USDC,1.0004846884651244,1879228998.0,33767954523.0,1.0,0.9997,0.9998,0.9959,1.0014,1.0021,11,7,7,July,2024
11:42:39,2024-07-07,USD Coin,6,2098,262,2159,1152,1.087,33751595514.0,33751595514.0,0.0,USDC,1.0004666517602232,1879227456.0,33767345755.0,0.9999,0.9997,0.9997,0.9958,1.0014,1.002,11,7,7,July,2024
11:43:24,2024-07-07,USD Coin,6,2098,262,2159,1152,1.087,33751595514.0,33751595514.0,0.0,USDC,1.0004795115762468,1878792205.0,33767779794.0,1.0,0.9997,0.9997,0.9959,1.0014,1.0021,11,7,7,July,2024
11:44:31,2024-07-07,USD Coin,6,2098,262,2158,1152,1.087,33751595514.0,33751595514.0,0.0,USDC,1.0004482461608215,1882118118.0,33766724537.0,0.9999,0.9997,0.9997,0.9958,1.0014,1.002,11,7,7,July,2024
11:44:53,2024-07-07,USD Coin,6,2098,262,2158,1152,1.087,33751595514.0,33751595514.0,0.0,USDC,1.0004760124419048,1882531063.0,33767661693.0,0.9999,0.9997,0.9997,0.9959,1.0014,1.0021,11,7,7,July,2024
11:45:15,2024-07-07,USD Coin,6,2098,262,2158,1152,1.087,33751595514.0,33751595514.0,0.0,USDC,1.0004590511333262,1882409695.0,33767089222.0,0.9999,0.9997,0.9997,0.9958,1.0014,1.002,11,7,7,July,2024
11:45:37,2024-07-07,USD Coin,6,2098,262,2158,1152,1.087,33751595514.0,33751595514.0,0.0,USDC,1.0004453846318198,1881781156.0,33766627955.0,0.9999,0.9997,0.9997,0.9958,1.0013,1.002,11,7,7,July,2024
11:45:58,2024-07-07,USD Coin,6,2098,262,2158,1152,1.087,33751595514.0,33751595514.0,0.0,USDC,1.0003904284784666,1880769158.0,33764773098.0,0.9999,0.9997,0.9997,0.9958,1.0013,1.002,11,7,7,July,2024
11:46:20,2024-07-07,USD Coin,6,2098,262,2158,1152,1.087,33751595514.0,33751595514.0,0.0,USDC,1.000390188408375,1879771637.0,33764764995.0,0.9999,0.9995,0.9997,0.9954,1.0013,1.0019,11,7,7,July,2024
11:46:41,2024-07-07,USD Coin,6,2098,262,2158,1152,1.087,33751595514.0,33751595514.0,0.0,USDC,1.0003901881351946,1878944688.0,33764764986.0,0.9999,0.9995,0.9997,0.9954,1.0013,1.0019,11,7,7,July,2024
11:47:03,2024-07-07,USD Coin,6,2098,262,2158,1152,1.087,33751595514.0,33751595514.0,0.0,USDC,1.0004126763964525,1871375361.0,33765524000.0,0.9999,0.9995,0.9997,0.9954,1.0013,1.0019,11,7,7,July,2024
11:47:26,2024-07-07,USD Coin,6,2098,262,2158,1152,1.087,33751595514.0,33751595514.0,0.0,USDC,1.000466496645876,1870841656.0,33767340520.0,0.9999,0.9996,0.9997,0.9955,1.0013,1.002,11,7,7,July,2024
11:47:48,2024-07-07,USD Coin,6,2098,262,2158,1152,1.087,33751595514.0,33751595514.0,0.0,USDC,1.0004665775282886,1870500188.0,33767343250.0,0.9999,0.9996,0.9997,0.9955,1.0013,1.002,11,7,7,July,2024
11:48:25,2024-07-07,USD Coin,6,2098,262,2158,1152,1.087,33751595514.0,33751595514.0,0.0,USDC,1.0004724201481572,1870589343.0,33767540447.0,0.9999,0.9996,0.9997,0.9955,1.0014,1.002,11,7,7,July,2024
11:48:50,2024-07-07,USD Coin,6,2098,262,2158,1152,1.087,33751595514.0,33751595514.0,0.0,USDC,1.0004766805355223,1870888377.0,33767684242.0,0.9999,0.9996,0.9997,0.9955,1.0014,1.002,11,7,7,July,2024
11:49:10,2024-07-07,USD Coin,6,2098,262,2158,1152,1.087,33751595514.0,33751595514.0,0.0,USDC,1.0004886058851632,1877830643.0,33768086742.0,1.0,0.9996,0.9998,0.9955,1.0014,1.002,11,7,7,July,2024
11:49:45,2024-07-07,USD Coin,6,2098,262,2157,1151,1.087,33751595514.0,33751595514.0,0.0,USDC,1.0004956198926567,1877792348.0,33768323476.0,1.0,0.9996,0.9998,0.9955,1.0014,1.002,11,7,7,July,2024
11:50:23,2024-07-07,USD Coin,6,2098,262,2157,1151,1.087,33751595514.0,33751595514.0,0.0,USDC,1.0004901745196013,1876840813.0,33768139686.0,1.0,0.9996,0.9998,0.9955,1.0014,1.002,11,7,7,July,2024
11:51:42,2024-07-07,USD Coin,6,2098,262,2157,1151,1.087,33751595514.0,33751595514.0,0.0,USDC,1.0005127759691126,1873436592.0,33768902521.0,0.9999,0.9998,0.9998,0.9956,1.0014,1.0019,11,7,7,July,2024
11:52:05,2024-07-07,USD Coin,6,2098,262,2157,1151,1.087,33751595514.0,33751595514.0,0.0,USDC,1.0005010388710172,1865217342.0,33768506375.0,0.9999,0.9997,0.9997,0.9955,1.0014,1.0019,11,7,7,July,2024
11:52:40,2024-07-07,USD Coin,6,2098,262,2157,1151,1.087,33751595514.0,33751595514.0,0.0,USDC,1.0004955843412564,1860467992.0,33768322276.0,0.9999,0.9997,0.9997,0.9955,1.0014,1.0019,11,7,7,July,2024
11:53:20,2024-07-07,USD Coin,6,2098,262,2156,1151,1.087,33751595514.0,33751595514.0,0.0,USDC,1.0004407452673116,1860607296.0,33766471369.0,0.9998,0.9997,0.9997,0.9955,1.0013,1.0018,11,7,7,July,2024
11:54:27,2024-07-07,USD Coin,6,2098,262,2156,1151,1.087,33751595514.0,33751595514.0,0.0,USDC,1.0004246118886124,1864277648.0,33765926842.0,0.9998,0.9997,0.9997,0.9955,1.0013,1.0018,11,7,7,July,2024
11:54:49,2024-07-07,USD Coin,6,2098,262,2156,1151,1.087,33751595514.0,33751595514.0,0.0,USDC,1.000427681757511,1863413033.0,33766030455.0,0.9998,0.9997,0.9997,0.9955,1.0013,1.0018,11,7,7,July,2024
11:55:14,2024-07-07,USD Coin,6,2098,262,2156,1151,1.087,33751595514.0,33751595514.0,0.0,USDC,1.000453101350538,1855644205.0,33766888407.0,0.9998,0.9997,0.9997,0.9955,1.0013,1.0018,11,7,7,July,2024
11:55:38,2024-07-07,USD Coin,6,2098,262,2156,1151,1.087,33751595514.0,33751595514.0,0.0,USDC,1.0004529312301351,1854592067.0,33766882665.0,1.0,0.9997,0.9997,0.9956,1.0013,1.0018,11,7,7,July,2024
11:56:02,2024-07-07,USD Coin,6,2098,262,2156,1151,1.087,33751595514.0,33751595514.0,0.0,USDC,1.0004487497844734,1854227652.0,33766741535.0,1.0,0.9997,0.9997,0.9956,1.0013,1.0018,11,7,7,July,2024
11:56:22,2024-07-07,USD Coin,6,2098,262,2156,1151,1.087,33751595514.0,33751595514.0,0.0,USDC,1.0004524986494947,1854063108.0,33766868065.0,1.0,0.9997,0.9997,0.9956,1.0013,1.0018,11,7,7,July,2024
11:56:44,2024-07-07,USD Coin,6,2098,262,2155,1150,1.087,33751595514.0,33751595514.0,0.0,USDC,1.0004524986494947,1854063108.0,33766868065.0,1.0,0.9997,0.9997,0.9956,1.0013,1.0018,11,7,7,July,2024
11:57:04,2024-07-07,USD Coin,6,2098,262,2155,1150,1.087,33751595514.0,33751595514.0,0.0,USDC,1.000449525944313,1861434380.0,33766767731.0,1.0,0.9997,0.9997,0.9956,1.0013,1.0018,11,7,7,July,2024
11:57:33,2024-07-07,USD Coin,6,2098,262,2155,1150,1.087,33751595514.0,33751595514.0,0.0,USDC,1.0004484432827654,1862737997.0,33766731190.0,1.0,0.9997,0.9997,0.9956,1.0013,1.0018,11,7,7,July,2024
11:58:00,2024-07-07,USD Coin,6,2098,262,2155,1150,1.087,33751595514.0,33751595514.0,0.0,USDC,1.0004538562580403,1863080690.0,33766913886.0,1.0,0.9997,0.9997,0.9956,1.0013,1.0018,11,7,7,July,2024
11:58:26,2024-07-07,USD Coin,6,2098,262,2154,1150,1.087,33751595514.0,33751595514.0,0.0,USDC,1.0004238423634901,1855531405.0,33765900870.0,0.9999,0.9996,0.9997,0.9955,1.0013,1.0018,11,7,7,July,2024
11:58:50,2024-07-07,USD Coin,6,2098,262,2154,1150,1.087,33751595514.0,33751595514.0,0.0,USDC,1.0004229413254917,1855147270.0,33765870458.0,0.9999,0.9996,0.9997,0.9955,1.0013,1.0018,11,7,7,July,2024
11:59:14,2024-07-07,USD Coin,6,2098,262,2154,1150,1.087,33751595514.0,33751595514.0,0.0,USDC,1.000403711391351,1854635765.0,33765221417.0,0.9999,0.9996,0.9997,0.9955,1.0013,1.0018,11,7,7,July,2024
12:00:54,2024-07-07,USD Coin,6,2098,262,2154,1150,1.087,33751595514.0,33751595514.0,0.0,USDC,1.000385776324228,1842848369.0,33764616080.0,1.0,0.9996,0.9996,0.9955,1.0011,1.0016,12,7,7,July,2024
12:01:24,2024-07-07,USD Coin,6,2098,262,2154,1150,1.087,33751595514.0,33751595514.0,0.0,USDC,1.0004501089590643,1849774704.0,33766787409.0,1.0001,0.9997,0.9997,0.9956,1.0012,1.0017,12,7,7,July,2024
12:02:00,2024-07-07,USD Coin,6,2098,262,2154,1150,1.087,33751595514.0,33751595514.0,0.0,USDC,1.0004820729507493,1848810219.0,33767866245.0,1.0001,0.9997,0.9997,0.9956,1.0012,1.0017,12,7,7,July,2024
12:10:28,2024-07-07,USD Coin,6,2098,262,2153,1149,1.087,33751595514.0,33751595514.0,0.0,USDC,1.0003886021359794,1843871749.0,33764711456.0,0.9999,0.9996,0.9996,0.9956,1.0011,1.0016,12,7,7,July,2024
12:11:31,2024-07-07,USD Coin,6,2098,262,2153,1149,1.087,33751595514.0,33751595514.0,0.0,USDC,1.000409608552311,1851425244.0,33765420456.0,0.9999,0.9996,0.9996,0.9956,1.0011,1.0016,12,7,7,July,2024
12:13:17,2024-07-07,USD Coin,6,2098,262,2153,1149,1.087,33751595514.0,33751595514.0,0.0,USDC,1.0004061306979197,1853368389.0,33765303073.0,0.9999,0.9996,0.9996,0.9956,1.0011,1.0016,12,7,7,July,2024
12:13:43,2024-07-07,USD Coin,6,2098,262,2153,1149,1.087,33751595514.0,33751595514.0,0.0,USDC,1.0004060263938768,1853246281.0,33765299552.0,0.9999,0.9996,0.9996,0.9956,1.0011,1.0016,12,7,7,July,2024
12:14:06,2024-07-07,USD Coin,6,2098,262,2153,1149,1.087,33751595514.0,33751595514.0,0.0,USDC,1.0004227323462724,1854740250.0,33765863405.0,0.9999,0.9996,0.9996,0.9956,1.0011,1.0016,12,7,7,July,2024
12:15:50,2024-07-07,USD Coin,6,2098,262,2153,1149,1.087,33751595514.0,33751595514.0,0.0,USDC,1.000380639965075,1847726141.0,33764442720.0,0.9999,0.9996,0.9997,0.9955,1.0009,1.0015,12,7,7,July,2024
12:18:18,2024-07-07,USD Coin,6,2098,262,2152,1148,1.087,33751595514.0,33751595514.0,0.0,USDC,1.0003772041153183,1853803083.0,33764326754.0,0.9999,0.9996,0.9997,0.9955,1.0009,1.0015,12,7,7,July,2024
12:18:44,2024-07-07,USD Coin,6,2098,262,2152,1148,1.087,33751595514.0,33751595514.0,0.0,USDC,1.0003751320105283,1853962916.0,33764256817.0,0.9999,0.9996,0.9997,0.9955,1.0009,1.0015,12,7,7,July,2024
12:31:51,2024-07-07,USD Coin,6,2098,262,2154,1149,1.087,33751595514.0,33751595514.0,0.0,USDC,1.0005057787283873,1831486154.0,33768666353.0,1.0,0.9999,0.9997,0.9958,1.001,1.0017,12,7,7,July,2024
12:49:28,2024-07-07,USD Coin,6,2098,262,2157,1150,1.087,33751595514.0,33751595514.0,0.0,USDC,1.0004252445914883,1830328915.0,33765948197.0,0.9999,0.9998,0.9997,0.9956,1.0019,1.0016,12,7,7,July,2024
12:53:29,2024-07-07,USD Coin,6,2098,262,2156,1149,1.087,33751595514.0,33751595514.0,0.0,USDC,1.0004781673682486,1817355986.0,33767734425.0,0.9999,0.9999,0.9998,0.9956,1.0019,1.0016,12,7,7,July,2024
12:54:52,2024-07-07,USD Coin,6,2098,262,2156,1149,1.087,33751595514.0,33751595514.0,0.0,USDC,1.000497236369276,1823836072.0,33768378034.0,1.0,0.9999,0.9998,0.9956,1.0019,1.0017,12,7,7,July,2024
12:56:20,2024-07-07,USD Coin,6,2098,262,2156,1149,1.087,33751595514.0,33751595514.0,0.0,USDC,1.0005311767033132,1815455721.0,33769523575.0,1.0,0.9999,0.9998,0.9956,1.0019,1.0017,12,7,7,July,2024
12:56:42,2024-07-07,USD Coin,6,2098,262,2156,1149,1.087,33751595514.0,33751595514.0,0.0,USDC,1.0005310840684394,1815350919.0,33769520448.0,1.0,0.9999,0.9998,0.9956,1.0019,1.0017,12,7,7,July,2024
12:57:05,2024-07-07,USD Coin,6,2098,262,2156,1149,1.087,33751595514.0,33751595514.0,0.0,USDC,1.0005052644401249,1814756054.0,33768648995.0,1.0,0.9999,0.9998,0.9956,1.0019,1.0017,12,7,7,July,2024
12:57:28,2024-07-07,USD Coin,6,2098,262,2156,1149,1.087,33751595514.0,33751595514.0,0.0,USDC,1.000517722443073,1814658623.0,33769069472.0,1.0,0.9999,0.9998,0.9956,1.0019,1.0017,12,7,7,July,2024
12:57:51,2024-07-07,USD Coin,6,2098,262,2156,1149,1.087,33751595514.0,33751595514.0,0.0,USDC,1.0005177216994003,1814456283.0,33769069447.0,1.0,0.9999,0.9998,0.9956,1.0019,1.0017,12,7,7,July,2024
12:58:12,2024-07-07,USD Coin,6,2098,262,2156,1149,1.087,33751595514.0,33751595514.0,0.0,USDC,1.0005019015325192,1814592461.0,33768535491.0,1.0,0.9999,0.9998,0.9956,1.0019,1.0017,12,7,7,July,2024
12:58:32,2024-07-07,USD Coin,6,2098,262,2156,1149,1.087,33751595514.0,33751595514.0,0.0,USDC,1.0005064103215335,1821550794.0,33768687670.0,1.0,0.9999,0.9998,0.9956,1.0019,1.0017,12,7,7,July,2024
12:58:53,2024-07-07,USD Coin,6,2098,262,2156,1149,1.087,33751595514.0,33751595514.0,0.0,USDC,1.000506410057508,1821700918.0,33768687661.0,1.0,0.9999,0.9998,0.9956,1.0019,1.0017,12,7,7,July,2024
12:59:40,2024-07-07,USD Coin,6,2098,262,2156,1149,1.087,33751595514.0,33751595514.0,0.0,USDC,1.0004849325379024,1814695021.0,33767962760.0,1.0,0.9999,0.9997,0.9956,1.0019,1.0017,12,7,7,July,2024
13:00:00,2024-07-07,USD Coin,6,2098,262,2156,1149,1.087,33751595514.0,33751595514.0,0.0,USDC,1.0004648503985523,1814397528.0,33767284956.0,1.0,0.9998,0.9997,0.9955,1.0019,1.0016,13,7,7,July,2024
13:00:25,2024-07-07,USD Coin,6,2098,262,2156,1149,1.087,33751595514.0,33751595514.0,0.0,USDC,1.0004581948921012,1813719353.0,33767060322.0,1.0,0.9998,0.9997,0.9955,1.0018,1.0016,13,7,7,July,2024
13:00:47,2024-07-07,USD Coin,6,2098,262,2156,1149,1.087,33751595514.0,33751595514.0,0.0,USDC,1.0004875120981775,1813754210.0,33768049825.0,1.0,0.9998,0.9998,0.9957,1.0019,1.0016,13,7,7,July,2024
13:01:10,2024-07-07,USD Coin,6,2098,262,2157,1150,1.087,33751595514.0,33751595514.0,0.0,USDC,1.0005092020073143,1820155911.0,33768781894.0,1.0001,0.9998,0.9998,0.9957,1.0019,1.0016,13,7,7,July,2024
13:01:30,2024-07-07,USD Coin,6,2098,262,2157,1150,1.087,33751595514.0,33751595514.0,0.0,USDC,1.000529675258934,1820113496.0,33769472899.0,1.0001,0.9998,0.9998,0.9957,1.0019,1.0017,13,7,7,July,2024
13:01:53,2024-07-07,USD Coin,6,2098,262,2157,1150,1.087,33751595514.0,33751595514.0,0.0,USDC,1.0005199965300002,1819276378.0,33769146226.0,1.0001,0.9998,0.9998,0.9957,1.0019,1.0017,13,7,7,July,2024
13:02:14,2024-07-07,USD Coin,6,2098,262,2157,1150,1.087,33751595514.0,33751595514.0,0.0,USDC,1.0005368993928947,1819293849.0,33769716725.0,1.0001,0.9998,0.9998,0.9957,1.0019,1.0017,13,7,7,July,2024
13:02:39,2024-07-07,USD Coin,6,2098,262,2157,1150,1.087,33751595514.0,33751595514.0,0.0,USDC,1.0005369175666952,1818940850.0,33769717338.0,1.0001,0.9998,0.9998,0.9957,1.0019,1.0017,13,7,7,July,2024
13:03:03,2024-07-07,USD Coin,6,2098,262,2157,1150,1.087,33751595514.0,33751595514.0,0.0,USDC,1.0005403078923922,1811768840.0,33769831767.0,1.0001,0.9998,0.9998,0.9957,1.0019,1.0017,13,7,7,July,2024
13:03:25,2024-07-07,USD Coin,6,2098,262,2157,1150,1.087,33751595514.0,33751595514.0,0.0,USDC,1.0005109526025948,1812022204.0,33768840979.0,1.0001,0.9998,0.9998,0.9957,1.0019,1.0017,13,7,7,July,2024
13:03:52,2024-07-07,USD Coin,6,2098,262,2157,1150,1.087,33751595514.0,33751595514.0,0.0,USDC,1.0005108627472632,1812342524.0,33768837946.0,1.0001,0.9998,0.9998,0.9957,1.0019,1.0017,13,7,7,July,2024
13:04:12,2024-07-07,USD Coin,6,2098,262,2157,1150,1.087,33751595514.0,33751595514.0,0.0,USDC,1.00052846355389,1813239538.0,33769432002.0,1.0001,0.9998,0.9998,0.9957,1.0019,1.0017,13,7,7,July,2024
13:04:37,2024-07-07,USD Coin,6,2098,262,2157,1150,1.087,33751595514.0,33751595514.0,0.0,USDC,1.0004993063133503,1814353060.0,33768447898.0,1.0,0.9998,0.9998,0.9957,1.0019,1.0016,13,7,7,July,2024
13:05:00,2024-07-07,USD Coin,6,2098,262,2157,1150,1.087,33751595514.0,33751595514.0,0.0,USDC,1.000510146104943,1813851426.0,33768813758.0,1.0001,0.9998,0.9998,0.9957,1.0019,1.0017,13,7,7,July,2024
13:05:27,2024-07-07,USD Coin,6,2098,262,2157,1150,1.087,33751595514.0,33751595514.0,0.0,USDC,1.0005425928919407,1813621922.0,33769908889.0,1.0001,0.9998,0.9998,0.9957,1.0019,1.0017,13,7,7,July,2024
13:05:49,2024-07-07,USD Coin,6,2098,262,2156,1149,1.087,33751595514.0,33751595514.0,0.0,USDC,1.0005425861489696,1815283082.0,33769908662.0,1.0001,0.9998,0.9998,0.9957,1.0019,1.0017,13,7,7,July,2024
13:06:11,2024-07-07,USD Coin,6,2098,262,2156,1149,1.087,33751595514.0,33751595514.0,0.0,USDC,1.0005182173469356,1815122650.0,33769086176.0,1.0,0.9998,0.9998,0.9957,1.002,1.0017,13,7,7,July,2024
13:06:32,2024-07-07,USD Coin,6,2098,262,2156,1149,1.087,33751595514.0,33751595514.0,0.0,USDC,1.0005231956301126,1816959312.0,33769254201.0,1.0,0.9998,0.9998,0.9957,1.002,1.0017,13,7,7,July,2024
13:06:52,2024-07-07,USD Coin,6,2098,262,2156,1149,1.087,33751595514.0,33751595514.0,0.0,USDC,1.0005229226213668,1817172568.0,33769244986.0,1.0,0.9998,0.9998,0.9957,1.002,1.0017,13,7,7,July,2024
13:07:13,2024-07-07,USD Coin,6,2098,262,2155,1148,1.087,33751595514.0,33751595514.0,0.0,USDC,1.0005179449556738,1817718055.0,33769076982.0,1.0,0.9998,0.9998,0.9957,1.002,1.0017,13,7,7,July,2024
13:07:42,2024-07-07,USD Coin,6,2098,262,2155,1148,1.087,33751595514.0,33751595514.0,0.0,USDC,1.000530543637584,1817766678.0,33769502208.0,1.0,0.9998,0.9998,0.9957,1.002,1.0017,13,7,7,July,2024
13:08:15,2024-07-07,USD Coin,6,2098,262,2155,1148,1.087,33751595514.0,33751595514.0,0.0,USDC,1.0005392802033748,1817374074.0,33769797081.0,1.0001,0.9998,0.9998,0.9957,1.002,1.0017,13,7,7,July,2024
13:08:45,2024-07-07,USD Coin,6,2098,262,2155,1148,1.087,33751595514.0,33751595514.0,0.0,USDC,1.000538984500106,1817424241.0,33769787100.0,1.0001,0.9998,0.9998,0.9957,1.002,1.0017,13,7,7,July,2024
13:09:09,2024-07-07,USD Coin,6,2098,262,2155,1148,1.087,33751595514.0,33751595514.0,0.0,USDC,1.000539264973977,1823908030.0,33769796567.0,1.0001,0.9998,0.9998,0.9957,1.002,1.0017,13,7,7,July,2024
13:10:02,2024-07-07,USD Coin,6,2098,262,2154,1147,1.087,33751595514.0,33751595514.0,0.0,USDC,1.0005796370315625,1824231023.0,33771159188.0,1.0001,0.9999,0.9998,0.9958,1.002,1.0017,13,7,7,July,2024
13:10:22,2024-07-07,USD Coin,6,2098,262,2154,1147,1.087,33751595514.0,33751595514.0,0.0,USDC,1.0005796370315625,1824231023.0,33771159188.0,1.0001,0.9999,0.9998,0.9958,1.002,1.0017,13,7,7,July,2024
13:10:47,2024-07-07,USD Coin,6,2098,262,2154,1147,1.087,33751595514.0,33751595514.0,0.0,USDC,1.000548707169477,1816904236.0,33770115256.0,1.0001,0.9998,0.9998,0.9957,1.002,1.0017,13,7,7,July,2024
13:11:08,2024-07-07,USD Coin,6,2098,262,2154,1147,1.087,33751595514.0,33751595514.0,0.0,USDC,1.000545254130369,1816618543.0,33769998710.0,1.0001,0.9998,0.9998,0.9957,1.002,1.0017,13,7,7,July,2024
13:11:32,2024-07-07,USD Coin,6,2098,262,2154,1147,1.087,33751595514.0,33751595514.0,0.0,USDC,1.0005213668230062,1816305102.0,33769192476.0,1.0001,0.9997,0.9998,0.9956,1.002,1.0017,13,7,7,July,2024
13:11:55,2024-07-07,USD Coin,6,2098,262,2154,1147,1.087,33751595514.0,33751595514.0,0.0,USDC,1.0005213760619642,1816904142.0,33769192787.0,1.0001,0.9997,0.9998,0.9956,1.002,1.0017,13,7,7,July,2024
13:12:33,2024-07-07,USD Coin,6,2098,262,2154,1147,1.087,33751595514.0,33751595514.0,0.0,USDC,1.0005441875538021,1823653850.0,33769962712.0,1.0001,0.9998,0.9998,0.9956,1.002,1.0017,13,7,7,July,2024
13:12:59,2024-07-07,USD Coin,6,2098,262,2155,1147,1.087,33751595514.0,33751595514.0,0.0,USDC,1.0005705873984414,1823697277.0,33770853749.0,1.0001,0.9998,0.9998,0.9956,1.0021,1.0017,13,7,7,July,2024
13:13:22,2024-07-07,USD Coin,6,2098,262,2155,1147,1.087,33751595514.0,33751595514.0,0.0,USDC,1.0005469154036621,1823189932.0,33770054781.0,1.0001,0.9998,0.9998,0.9956,1.002,1.0017,13,7,7,July,2024
13:13:46,2024-07-07,USD Coin,6,2098,262,2154,1146,1.087,33751595514.0,33751595514.0,0.0,USDC,1.0005404462800818,1826883190.0,33769836438.0,1.0001,0.9998,0.9998,0.9956,1.002,1.0017,13,7,7,July,2024
13:14:08,2024-07-07,USD Coin,6,2098,262,2154,1146,1.087,33751595514.0,33751595514.0,0.0,USDC,1.0005465623069172,1819816332.0,33770042863.0,1.0001,0.9998,0.9998,0.9956,1.002,1.0017,13,7,7,July,2024
14:46:29,2024-07-07,USD Coin,6,2098,262,2140,1134,1.087,33748429793.0,33748429793.0,0.0,USDC,1.000639021270217,1826593769.0,33769995757.0,1.0,1.0003,1.0,0.9952,1.0028,1.0019,14,7,7,July,2024
14:46:50,2024-07-07,USD Coin,6,2098,262,2141,1134,1.087,33748429793.0,33748429793.0,0.0,USDC,1.000638877923443,1826313421.0,33769990919.0,1.0,1.0003,1.0,0.9952,1.0028,1.0019,14,7,7,July,2024
14:47:30,2024-07-07,USD Coin,6,2098,262,2140,1133,1.087,33748429793.0,33748429793.0,0.0,USDC,1.0006374178580315,1818686469.0,33769941644.0,1.0,1.0003,1.0,0.9952,1.0028,1.0019,14,7,7,July,2024
14:47:52,2024-07-07,USD Coin,6,2098,262,2140,1133,1.087,33748429793.0,33748429793.0,0.0,USDC,1.0006374295337364,1818525085.0,33769942038.0,1.0,1.0003,1.0,0.9952,1.0028,1.0019,14,7,7,July,2024
14:48:16,2024-07-07,USD Coin,6,2098,262,2140,1133,1.087,33748429793.0,33748429793.0,0.0,USDC,1.0006395272857744,1818182408.0,33770012834.0,1.0,1.0003,1.0,0.9952,1.0028,1.0019,14,7,7,July,2024
14:48:38,2024-07-07,USD Coin,6,2098,262,2140,1133,1.087,33748429793.0,33748429793.0,0.0,USDC,1.000648709625883,1818249865.0,33770322724.0,1.0,1.0003,1.0,0.9952,1.0028,1.0019,14,7,7,July,2024
14:49:02,2024-07-07,USD Coin,6,2098,261,2139,1133,1.087,33748429793.0,33748429793.0,0.0,USDC,1.0006635176193837,1818062274.0,33770822470.0,1.0,1.0003,1.0,0.9952,1.0028,1.0019,14,7,7,July,2024
14:49:24,2024-07-07,USD Coin,6,2098,261,2139,1133,1.087,33748429793.0,33748429793.0,0.0,USDC,1.0006698978937616,1817571797.0,33771037795.0,1.0001,1.0003,1.0,0.9952,1.0028,1.0019,14,7,7,July,2024
14:49:47,2024-07-07,USD Coin,6,2098,261,2139,1133,1.087,33748429793.0,33748429793.0,0.0,USDC,1.0006697436301013,1821756282.0,33771032588.0,1.0001,1.0003,1.0,0.9952,1.0028,1.0019,14,7,7,July,2024
14:50:10,2024-07-07,USD Coin,6,2098,261,2139,1133,1.087,33748429793.0,33748429793.0,0.0,USDC,1.0006613599654353,1829564215.0,33770749653.0,1.0,1.0003,1.0,0.9952,1.0028,1.0019,14,7,7,July,2024
14:50:30,2024-07-07,USD Coin,6,2098,261,2139,1133,1.087,33748429793.0,33748429793.0,0.0,USDC,1.0006745280449474,1829299420.0,33771194055.0,1.0001,1.0003,1.0,0.9952,1.0028,1.002,14,7,7,July,2024
14:50:55,2024-07-07,USD Coin,6,2098,261,2139,1133,1.087,33748429793.0,33748429793.0,0.0,USDC,1.0006745276772933,1834231503.0,33771194042.0,0.9999,1.0003,1.0,0.9952,1.0028,1.0019,14,7,7,July,2024
14:51:15,2024-07-07,USD Coin,6,2098,261,2139,1133,1.087,33748429793.0,33748429793.0,0.0,USDC,1.0006958717604684,1827182539.0,33771914372.0,1.0,1.0003,1.0001,0.9952,1.0028,1.002,14,7,7,July,2024
14:51:39,2024-07-07,USD Coin,6,2098,261,2139,1133,1.087,33748429793.0,33748429793.0,0.0,USDC,1.000695393232841,1827414560.0,33771898222.0,1.0,1.0003,1.0001,0.9952,1.0028,1.002,14,7,7,July,2024
14:52:01,2024-07-07,USD Coin,6,2098,261,2139,1133,1.087,33748429793.0,33748429793.0,0.0,USDC,1.000695393232841,1827414560.0,33771898222.0,1.0,1.0003,1.0001,0.9952,1.0028,1.002,14,7,7,July,2024
14:52:21,2024-07-07,USD Coin,6,2098,261,2137,1131,1.087,33748429793.0,33748429793.0,0.0,USDC,1.0006783947405897,1835560985.0,33771324550.0,0.9999,1.0003,1.0,0.9952,1.0028,1.0019,14,7,7,July,2024
14:52:45,2024-07-07,USD Coin,6,2098,261,2134,1128,1.087,33748429793.0,33748429793.0,0.0,USDC,1.000678385115352,1836003169.0,33771324225.0,0.9999,1.0003,1.0,0.9952,1.0028,1.0019,14,7,7,July,2024
14:53:38,2024-07-07,USD Coin,6,2098,261,2134,1128,1.087,33748429793.0,33748429793.0,0.0,USDC,1.000681879051435,1829021754.0,33771442140.0,1.0,1.0003,1.0001,0.9952,1.0028,1.002,14,7,7,July,2024
14:54:02,2024-07-07,USD Coin,6,2098,261,2134,1128,1.087,33748429793.0,33748429793.0,0.0,USDC,1.0006683751177612,1830529310.0,33770986403.0,0.9999,1.0003,1.0,0.9952,1.0028,1.0019,14,7,7,July,2024
14:54:29,2024-07-07,USD Coin,6,2098,261,2134,1128,1.087,33748429793.0,33748429793.0,0.0,USDC,1.000647796189972,1839458863.0,33770291897.0,0.9999,1.0003,1.0,0.9952,1.0028,1.0019,14,7,7,July,2024
14:54:59,2024-07-07,USD Coin,6,2098,261,2134,1128,1.087,33748429793.0,33748429793.0,0.0,USDC,1.0006585805927002,1840240514.0,33770655853.0,0.9999,1.0003,1.0,0.9952,1.0028,1.0019,14,7,7,July,2024
14:55:23,2024-07-07,USD Coin,6,2098,261,2134,1128,1.087,33748429793.0,33748429793.0,0.0,USDC,1.0006357012292464,1840313069.0,33769883711.0,0.9999,1.0002,1.0,0.9952,1.0028,1.0019,14,7,7,July,2024
14:55:45,2024-07-07,USD Coin,6,2098,261,2134,1128,1.087,33748429793.0,33748429793.0,0.0,USDC,1.0006356928956897,1840307802.0,33769883430.0,0.9999,1.0002,1.0,0.9952,1.0028,1.0019,14,7,7,July,2024
14:56:10,2024-07-07,USD Coin,6,2098,261,2134,1128,1.087,33748429793.0,33748429793.0,0.0,USDC,1.0006816426095413,1833328930.0,33771434160.0,1.0,1.0003,1.0001,0.9953,1.0028,1.002,14,7,7,July,2024
14:56:32,2024-07-07,USD Coin,6,2098,261,2134,1128,1.087,33748429793.0,33748429793.0,0.0,USDC,1.0006816007286297,1833366027.0,33771432747.0,1.0,1.0003,1.0001,0.9953,1.0028,1.002,14,7,7,July,2024
14:56:54,2024-07-07,USD Coin,6,2098,261,2134,1128,1.087,33748429793.0,33748429793.0,0.0,USDC,1.0006752837319326,1833717599.0,33771219558.0,1.0,1.0003,1.0001,0.9953,1.0028,1.0019,14,7,7,July,2024
14:57:22,2024-07-07,USD Coin,6,2098,261,2136,1129,1.087,33748429793.0,33748429793.0,0.0,USDC,1.0006526358018681,1840655050.0,33770455226.0,1.0,1.0003,1.0001,0.9953,1.0028,1.0019,14,7,7,July,2024
14:57:41,2024-07-07,USD Coin,6,2098,261,2136,1129,1.087,33748429793.0,33748429793.0,0.0,USDC,1.000633171179242,1840412553.0,33769798326.0,0.9999,1.0003,1.0001,0.9953,1.0027,1.0019,14,7,7,July,2024
14:58:01,2024-07-07,USD Coin,6,2098,261,2136,1129,1.087,33748429793.0,33748429793.0,0.0,USDC,1.0006331577913596,1840473854.0,33769797874.0,0.9999,1.0003,1.0001,0.9953,1.0027,1.0019,14,7,7,July,2024
14:58:25,2024-07-07,USD Coin,6,2098,261,2136,1129,1.087,33748429793.0,33748429793.0,0.0,USDC,1.0006554338194091,1839701368.0,33770549655.0,1.0,1.0003,1.0001,0.9953,1.0028,1.0019,14,7,7,July,2024
14:58:48,2024-07-07,USD Coin,6,2098,261,2136,1129,1.087,33748429793.0,33748429793.0,0.0,USDC,1.0006553757189751,1840434833.0,33770547694.0,1.0,1.0003,1.0001,0.9953,1.0028,1.0019,14,7,7,July,2024
14:59:11,2024-07-07,USD Coin,6,2098,261,2136,1129,1.087,33748429793.0,33748429793.0,0.0,USDC,1.000664894873933,1833736986.0,33770868950.0,1.0,1.0003,1.0001,0.9953,1.0028,1.0019,14,7,7,July,2024
14:59:33,2024-07-07,USD Coin,6,2098,261,2136,1129,1.087,33748429793.0,33748429793.0,0.0,USDC,1.0006537123530403,1833014691.0,33770491558.0,1.0,1.0003,1.0001,0.9953,1.0028,1.0019,14,7,7,July,2024
14:59:55,2024-07-07,USD Coin,6,2098,261,2136,1129,1.087,33748429793.0,33748429793.0,0.0,USDC,1.0006537120362335,1833343505.0,33770491547.0,1.0,1.0003,1.0001,0.9953,1.0028,1.0019,14,7,7,July,2024
15:00:47,2024-07-07,USD Coin,6,2098,261,2136,1129,1.087,33748429793.0,33748429793.0,0.0,USDC,1.0006609560887905,1834402534.0,33770736023.0,1.0,1.0003,1.0001,0.9953,1.0028,1.0019,15,7,7,July,2024
15:01:58,2024-07-07,USD Coin,6,2098,261,2136,1129,1.087,33748429793.0,33748429793.0,0.0,USDC,1.0006515603434631,1839882458.0,33770418931.0,0.9999,1.0003,1.0001,0.9953,1.0027,1.0019,15,7,7,July,2024
15:02:38,2024-07-07,USD Coin,6,2098,261,2136,1129,1.087,33748429793.0,33748429793.0,0.0,USDC,1.0006407954475076,1832407811.0,33770055633.0,0.9999,1.0003,1.0001,0.9953,1.0027,1.0019,15,7,7,July,2024
15:02:57,2024-07-07,USD Coin,6,2098,261,2136,1129,1.087,33748429793.0,33748429793.0,0.0,USDC,1.0006407952288234,1831978102.0,33770055625.0,0.9999,1.0003,1.0001,0.9953,1.0027,1.0019,15,7,7,July,2024
15:03:22,2024-07-07,USD Coin,6,2098,261,2136,1129,1.087,33748429793.0,33748429793.0,0.0,USDC,1.000653938873892,1837407497.0,33770499203.0,0.9999,1.0003,1.0001,0.9953,1.0027,1.0019,15,7,7,July,2024
15:03:41,2024-07-07,USD Coin,6,2098,261,2136,1129,1.087,33748429793.0,33748429793.0,0.0,USDC,1.0006554822750937,1837316202.0,33770551290.0,0.9999,1.0003,1.0001,0.9953,1.0027,1.0019,15,7,7,July,2024
15:04:02,2024-07-07,USD Coin,6,2098,261,2136,1129,1.087,33748429793.0,33748429793.0,0.0,USDC,1.000655859695326,1837846403.0,33770564027.0,0.9999,1.0003,1.0001,0.9953,1.0027,1.0019,15,7,7,July,2024
15:04:26,2024-07-07,USD Coin,6,2098,261,2136,1129,1.087,33748429793.0,33748429793.0,0.0,USDC,1.0007054387962804,1837886486.0,33772237244.0,1.0,1.0004,1.0001,0.9953,1.0028,1.002,15,7,7,July,2024
15:04:51,2024-07-07,USD Coin,6,2098,261,2135,1128,1.087,33748429793.0,33748429793.0,0.0,USDC,1.0007053074988974,1837957687.0,33772232813.0,1.0,1.0004,1.0001,0.9953,1.0028,1.002,15,7,7,July,2024
15:05:10,2024-07-07,USD Coin,6,2098,261,2135,1128,1.087,33748429793.0,33748429793.0,0.0,USDC,1.0007161655703822,1837953959.0,33772599256.0,1.0,1.0004,1.0001,0.9954,1.0028,1.002,15,7,7,July,2024
15:05:48,2024-07-07,USD Coin,6,2098,261,2135,1128,1.087,33748429793.0,33748429793.0,0.0,USDC,1.000711235120584,1837774946.0,33772432861.0,1.0,1.0003,1.0001,0.9953,1.0029,1.002,15,7,7,July,2024
15:06:54,2024-07-07,USD Coin,6,2098,261,2135,1128,1.087,33748429793.0,33748429793.0,0.0,USDC,1.000790932833442,1836617584.0,33775122534.0,1.0001,1.0004,1.0002,0.9954,1.0029,1.0021,15,7,7,July,2024
15:07:31,2024-07-07,USD Coin,6,2098,261,2135,1128,1.087,33748429793.0,33748429793.0,0.0,USDC,1.0007468152518044,1836442778.0,33773633635.0,1.0,1.0004,1.0002,0.9954,1.0029,1.002,15,7,7,July,2024
15:07:55,2024-07-07,USD Coin,6,2098,261,2135,1128,1.087,33748429793.0,33748429793.0,0.0,USDC,1.000719185642822,1836378213.0,33772701179.0,1.0,1.0003,1.0001,0.9954,1.0029,1.002,15,7,7,July,2024
15:08:21,2024-07-07,USD Coin,6,2098,261,2135,1128,1.087,33748429793.0,33748429793.0,0.0,USDC,1.0007296170881517,1829442472.0,33773053224.0,1.0,1.0004,1.0001,0.9954,1.0029,1.002,15,7,7,July,2024
15:08:41,2024-07-07,USD Coin,6,2098,261,2135,1128,1.087,33748429793.0,33748429793.0,0.0,USDC,1.0007296170383786,1829294821.0,33773053222.0,1.0,1.0004,1.0001,0.9954,1.0029,1.002,15,7,7,July,2024
15:09:02,2024-07-07,USD Coin,6,2098,261,2135,1128,1.087,33748429793.0,33748429793.0,0.0,USDC,1.0007565576276134,1829393425.0,33773962424.0,1.0,1.0004,1.0002,0.9954,1.0029,1.002,15,7,7,July,2024
15:09:25,2024-07-07,USD Coin,6,2098,261,2135,1128,1.087,33748429793.0,33748429793.0,0.0,USDC,1.0007618850163074,1836082361.0,33774142215.0,1.0,1.0004,1.0002,0.9954,1.0029,1.002,15,7,7,July,2024
15:09:47,2024-07-07,USD Coin,6,2098,261,2135,1128,1.087,33748429793.0,33748429793.0,0.0,USDC,1.0007504502272935,1836551052.0,33773756309.0,1.0,1.0004,1.0002,0.9954,1.0029,1.002,15,7,7,July,2024
15:10:09,2024-07-07,USD Coin,6,2098,261,2135,1128,1.087,33748429793.0,33748429793.0,0.0,USDC,1.0007467089344408,1836441946.0,33773630047.0,1.0,1.0004,1.0002,0.9954,1.0029,1.002,15,7,7,July,2024
