Time,Date,Name,Rank,Age,Exchanges,Markets,Pairs,All_Time_High,Circulating_Supply,Total_Supply,Max_Supply,Code,Rate,Volume,Cap,Delta_Hour_Change,Delta_Day_Change,Delta_Week_Change,Delta_Month_Change,Delta_Quarter_Change,Delta_Year_Change,Hour,Day,Month_Number,Month_Name,Year
15:46:50,2024-07-06,XRP,7,3988,128,422,184,3.91546307780967,55723063839.0,99987471767.0,100000000000.0,XRP,0.4490776539711736,613546661.0,25023982780.0,1.0046,1.0558,0.9437,0.8608,0.7562,0.9634,15,6,7,July,2024
15:48:44,2024-07-06,XRP,7,3988,128,424,185,3.91546307780967,55723063839.0,99987471767.0,100000000000.0,XRP,0.44832152934871716,614559399.0,24981849200.0,1.0029,1.054,0.9422,0.8593,0.7549,0.9618,15,6,7,July,2024
17:36:11,2024-07-06,XRP,7,3988,128,425,186,3.91546307780967,55723063839.0,99987471767.0,100000000000.0,XRP,0.4502657156943989,608472910.0,25090185220.0,1.0041,1.06,0.9478,0.8622,0.7585,0.9619,17,6,7,July,2024
18:09:07,2024-07-06,XRP,7,3988,128,427,188,3.91546307780967,55723063839.0,99987471767.0,100000000000.0,XRP,0.4488832285257424,602923753.0,25013148799.0,0.9998,1.0594,0.9457,0.8597,0.7583,0.9606,18,6,7,July,2024
18:11:20,2024-07-06,XRP,7,3988,128,427,188,3.91546307780967,55723063839.0,99987471767.0,100000000000.0,XRP,0.4489631393622503,602695056.0,25017601676.0,0.998,1.0602,0.9454,0.8591,0.7573,0.9628,18,6,7,July,2024
00:54:04,2024-07-07,XRP,7,3989,128,417,180,3.91546307780967,55723063839.0,99987471767.0,100000000000.0,XRP,0.4415257794266044,553684297.0,24603169193.0,0.9901,1.0311,0.9343,0.844,0.7445,0.9472,0,7,7,July,2024
01:04:10,2024-07-07,XRP,7,3989,128,417,180,3.91546307780967,55723063839.0,99987471767.0,100000000000.0,XRP,0.44144577818283215,554449627.0,24598711279.0,0.9908,1.0313,0.9345,0.8424,0.7439,0.9472,1,7,7,July,2024
01:05:22,2024-07-07,XRP,7,3989,128,417,180,3.91546307780967,55723063839.0,99987471767.0,100000000000.0,XRP,0.44135533513873104,553809617.0,24593671515.0,0.9906,1.0311,0.9343,0.8423,0.7437,0.947,1,7,7,July,2024
01:05:42,2024-07-07,XRP,7,3989,128,417,180,3.91546307780967,55723063839.0,99987471767.0,100000000000.0,XRP,0.44134507937204465,553500575.0,24593100032.0,0.9906,1.031,0.9342,0.8422,0.7437,0.947,1,7,7,July,2024
01:06:05,2024-07-07,XRP,7,3989,128,417,180,3.91546307780967,55723063839.0,99987471767.0,100000000000.0,XRP,0.44138503950653374,553422079.0,24595326734.0,0.9905,1.0319,0.9343,0.8412,0.7434,0.9471,1,7,7,July,2024
01:06:29,2024-07-07,XRP,7,3989,128,417,180,3.91546307780967,55723063839.0,99987471767.0,100000000000.0,XRP,0.4412773168263781,553190067.0,24589324096.0,0.9902,1.0316,0.9341,0.841,0.7432,0.9469,1,7,7,July,2024
01:06:50,2024-07-07,XRP,7,3989,128,417,180,3.91546307780967,55723063839.0,99987471767.0,100000000000.0,XRP,0.4412644012333063,553081185.0,24588604399.0,0.9902,1.0316,0.934,0.841,0.7432,0.9468,1,7,7,July,2024
01:07:14,2024-07-07,XRP,7,3989,128,417,180,3.91546307780967,55723063839.0,99987471767.0,100000000000.0,XRP,0.4410457666664062,552960480.0,24576421411.0,0.9897,1.0311,0.9336,0.8405,0.7428,0.9464,1,7,7,July,2024
01:07:35,2024-07-07,XRP,7,3989,128,417,180,3.91546307780967,55723063839.0,99987471767.0,100000000000.0,XRP,0.44066592880426514,552678648.0,24555255682.0,0.9889,1.0302,0.9328,0.8398,0.7422,0.9456,1,7,7,July,2024
01:07:59,2024-07-07,XRP,7,3989,128,417,180,3.91546307780967,55723063839.0,99987471767.0,100000000000.0,XRP,0.4406675635431504,552609892.0,24555346775.0,0.9889,1.0302,0.9328,0.8398,0.7422,0.9456,1,7,7,July,2024
01:08:19,2024-07-07,XRP,7,3989,128,417,180,3.91546307780967,55723063839.0,99987471767.0,100000000000.0,XRP,0.4402888455526677,552120105.0,24534243448.0,0.988,1.0293,0.932,0.8391,0.7415,0.9448,1,7,7,July,2024
01:08:43,2024-07-07,XRP,7,3989,128,417,180,3.91546307780967,55723063839.0,99987471767.0,100000000000.0,XRP,0.4401849680896925,551878403.0,24528455077.0,0.9878,1.0291,0.9317,0.8389,0.7414,0.9445,1,7,7,July,2024
01:09:06,2024-07-07,XRP,7,3989,128,417,180,3.91546307780967,55723063839.0,99987471767.0,100000000000.0,XRP,0.4401733978973002,551752165.0,24527810351.0,0.9878,1.0291,0.9317,0.8389,0.7414,0.9445,1,7,7,July,2024
01:09:30,2024-07-07,XRP,7,3989,128,417,180,3.91546307780967,55723063839.0,99987471767.0,100000000000.0,XRP,0.44016553213251697,551663437.0,24527372046.0,0.9877,1.029,0.9317,0.8389,0.7413,0.9445,1,7,7,July,2024
01:10:03,2024-07-07,XRP,7,3989,128,417,180,3.91546307780967,55723063839.0,99987471767.0,100000000000.0,XRP,0.4401680923094722,551586366.0,24527514707.0,0.9877,1.0291,0.9317,0.8389,0.7413,0.9445,1,7,7,July,2024
01:11:20,2024-07-07,XRP,7,3989,128,417,180,3.91546307780967,55723063839.0,99987471767.0,100000000000.0,XRP,0.4404405986755405,551962168.0,24542699597.0,0.9899,1.0286,0.9323,0.8398,0.7414,0.9467,1,7,7,July,2024
01:11:43,2024-07-07,XRP,7,3989,128,417,180,3.91546307780967,55723063839.0,99987471767.0,100000000000.0,XRP,0.4404970144492802,552314665.0,24545843257.0,0.99,1.0287,0.9324,0.8399,0.7415,0.9468,1,7,7,July,2024
01:12:01,2024-07-07,XRP,7,3989,128,417,180,3.91546307780967,55723063839.0,99987471767.0,100000000000.0,XRP,0.44050328309778575,552220294.0,24546192565.0,0.99,1.0287,0.9324,0.8399,0.7416,0.9468,1,7,7,July,2024
01:12:24,2024-07-07,XRP,7,3989,128,417,180,3.91546307780967,55723063839.0,99987471767.0,100000000000.0,XRP,0.4407316099715104,552568695.0,24558915638.0,0.9905,1.0293,0.9329,0.8404,0.7419,0.9473,1,7,7,July,2024
01:12:49,2024-07-07,XRP,7,3989,128,417,180,3.91546307780967,55723063839.0,99987471767.0,100000000000.0,XRP,0.44083684612559787,552552147.0,24564779719.0,0.9907,1.0295,0.9331,0.8406,0.7421,0.9476,1,7,7,July,2024
01:13:16,2024-07-07,XRP,7,3989,128,417,180,3.91546307780967,55723063839.0,99987471767.0,100000000000.0,XRP,0.4408950417865748,552742079.0,24568022559.0,0.9909,1.0296,0.9333,0.8407,0.7422,0.9477,1,7,7,July,2024
01:13:59,2024-07-07,XRP,7,3989,128,417,180,3.91546307780967,55723063839.0,99987471767.0,100000000000.0,XRP,0.4410651601214311,552840727.0,24577502074.0,0.9913,1.03,0.9336,0.841,0.7425,0.948,1,7,7,July,2024
01:14:21,2024-07-07,XRP,7,3989,128,417,180,3.91546307780967,55723063839.0,99987471767.0,100000000000.0,XRP,0.4413647140092847,553218009.0,24594194135.0,0.9919,1.0307,0.9343,0.8416,0.743,0.9487,1,7,7,July,2024
01:14:43,2024-07-07,XRP,7,3989,128,417,180,3.91546307780967,55723063839.0,99987471767.0,100000000000.0,XRP,0.44141845335859176,553162017.0,24597188656.0,0.9921,1.0309,0.9344,0.8417,0.7431,0.9488,1,7,7,July,2024
01:15:05,2024-07-07,XRP,7,3989,128,417,180,3.91546307780967,55723063839.0,99987471767.0,100000000000.0,XRP,0.4414421161673338,553147738.0,24598507220.0,0.9921,1.0309,0.9344,0.8417,0.7431,0.9489,1,7,7,July,2024
01:16:37,2024-07-07,XRP,7,3989,128,417,180,3.91546307780967,55723063839.0,99987471767.0,100000000000.0,XRP,0.441772305970615,554190403.0,24616906407.0,0.9941,1.0325,0.935,0.8416,0.7436,0.9497,1,7,7,July,2024
01:16:59,2024-07-07,XRP,7,3989,128,417,180,3.91546307780967,55723063839.0,99987471767.0,100000000000.0,XRP,0.44177598768922727,554064810.0,24617111564.0,0.9941,1.0325,0.935,0.8416,0.7436,0.9497,1,7,7,July,2024
01:17:22,2024-07-07,XRP,7,3989,128,417,180,3.91546307780967,55723063839.0,99987471767.0,100000000000.0,XRP,0.4419287823144187,554302896.0,24625625749.0,0.9944,1.0329,0.9353,0.8419,0.7439,0.95,1,7,7,July,2024
01:17:45,2024-07-07,XRP,7,3989,128,417,180,3.91546307780967,55723063839.0,99987471767.0,100000000000.0,XRP,0.4419722501031238,553932799.0,24628047907.0,0.9945,1.033,0.9354,0.842,0.744,0.9501,1,7,7,July,2024
01:18:26,2024-07-07,XRP,7,3989,128,417,180,3.91546307780967,55723063839.0,99987471767.0,100000000000.0,XRP,0.4421188759800525,554152468.0,24636218350.0,0.9948,1.0333,0.9357,0.8422,0.7442,0.9504,1,7,7,July,2024
01:20:03,2024-07-07,XRP,7,3989,128,417,180,3.91546307780967,55723063839.0,99987471767.0,100000000000.0,XRP,0.4425664567529219,554563202.0,24661158922.0,0.9958,1.0344,0.9367,0.8431,0.745,0.9514,1,7,7,July,2024
01:30:08,2024-07-07,XRP,7,3989,128,417,180,3.91546307780967,55723063839.0,99987471767.0,100000000000.0,XRP,0.4425664567529219,554563202.0,24661158922.0,0.9958,1.0344,0.9367,0.8431,0.745,0.9514,1,7,7,July,2024
01:30:41,2024-07-07,XRP,7,3989,128,417,180,3.91546307780967,55723063839.0,99987471767.0,100000000000.0,XRP,0.4431303193524565,556706094.0,24692579074.0,0.9968,1.0345,0.9381,0.8439,0.7454,0.9514,1,7,7,July,2024
01:31:01,2024-07-07,XRP,7,3989,128,417,180,3.91546307780967,55723063839.0,99987471767.0,100000000000.0,XRP,0.4431303193524565,556706094.0,24692579074.0,0.9968,1.0345,0.9381,0.8439,0.7454,0.9514,1,7,7,July,2024
01:31:23,2024-07-07,XRP,7,3989,128,417,180,3.91546307780967,55723063839.0,99987471767.0,100000000000.0,XRP,0.4431193450284128,556594413.0,24691967551.0,0.9967,1.0335,0.9378,0.844,0.7463,0.9513,1,7,7,July,2024
01:31:57,2024-07-07,XRP,7,3989,128,417,180,3.91546307780967,55723063839.0,99987471767.0,100000000000.0,XRP,0.44315269364018894,556717259.0,24693825838.0,0.9968,1.0335,0.9379,0.8441,0.7463,0.9514,1,7,7,July,2024
01:32:40,2024-07-07,XRP,7,3989,128,417,180,3.91546307780967,55723063839.0,99987471767.0,100000000000.0,XRP,0.4431647609366993,556847093.0,24694498264.0,0.9968,1.0336,0.9379,0.8441,0.7463,0.9514,1,7,7,July,2024
01:44:41,2024-07-07,XRP,7,3989,128,417,180,3.91546307780967,55723063839.0,99987471767.0,100000000000.0,XRP,0.4433314054586045,555904051.0,24703784208.0,1.0022,1.0335,0.9378,0.8449,0.746,0.9517,1,7,7,July,2024
01:44:50,2024-07-07,XRP,7,3989,128,417,180,3.91546307780967,55723063839.0,99987471767.0,100000000000.0,XRP,0.4433388932901278,555905756.0,24704201453.0,1.0023,1.0335,0.9378,0.8449,0.746,0.9517,1,7,7,July,2024
01:44:58,2024-07-07,XRP,7,3989,128,417,180,3.91546307780967,55723063839.0,99987471767.0,100000000000.0,XRP,0.4433389086002787,556041597.0,24704202306.0,1.0023,1.0335,0.9378,0.8449,0.746,0.9517,1,7,7,July,2024
01:46:37,2024-07-07,XRP,7,3989,128,417,180,3.91546307780967,55723063839.0,99987471767.0,100000000000.0,XRP,0.4433738740513055,556200094.0,24706150688.0,1.003,1.0347,0.9374,0.8452,0.7462,0.9515,1,7,7,July,2024
01:46:59,2024-07-07,XRP,7,3989,128,417,180,3.91546307780967,55723063839.0,99987471767.0,100000000000.0,XRP,0.44337355045866084,556056894.0,24706132656.0,1.003,1.0347,0.9374,0.8452,0.7462,0.9515,1,7,7,July,2024
01:47:22,2024-07-07,XRP,7,3989,128,417,180,3.91546307780967,55723063839.0,99987471767.0,100000000000.0,XRP,0.44335780353647924,556070574.0,24705255189.0,1.0029,1.0347,0.9374,0.8452,0.7462,0.9515,1,7,7,July,2024
01:47:42,2024-07-07,XRP,7,3989,128,417,180,3.91546307780967,55723063839.0,99987471767.0,100000000000.0,XRP,0.4433707608035425,556013266.0,24705977208.0,1.0029,1.0347,0.9374,0.8452,0.7462,0.9515,1,7,7,July,2024
01:48:14,2024-07-07,XRP,7,3989,128,417,180,3.91546307780967,55723063839.0,99987471767.0,100000000000.0,XRP,0.4434126477003318,556083570.0,24708311274.0,1.003,1.0348,0.9375,0.8453,0.7463,0.9516,1,7,7,July,2024
01:49:54,2024-07-07,XRP,7,3989,128,417,180,3.91546307780967,55723063839.0,99987471767.0,100000000000.0,XRP,0.4432831737757732,555951713.0,24701096591.0,1.0027,1.0345,0.9372,0.845,0.7461,0.9513,1,7,7,July,2024
01:50:17,2024-07-07,XRP,7,3989,128,417,180,3.91546307780967,55723063839.0,99987471767.0,100000000000.0,XRP,0.4432267505629211,556041489.0,24697952516.0,1.0026,1.0343,0.9371,0.8449,0.746,0.9512,1,7,7,July,2024
01:50:39,2024-07-07,XRP,7,3989,128,417,180,3.91546307780967,55723063839.0,99987471767.0,100000000000.0,XRP,0.4432330605186301,555840901.0,24698304126.0,1.0026,1.0344,0.9371,0.8449,0.746,0.9512,1,7,7,July,2024
01:51:01,2024-07-07,XRP,7,3989,128,417,180,3.91546307780967,55723063839.0,99987471767.0,100000000000.0,XRP,0.44323169222258374,555736219.0,24698227881.0,1.0026,1.0344,0.9371,0.8449,0.746,0.9512,1,7,7,July,2024
01:51:23,2024-07-07,XRP,7,3989,128,417,180,3.91546307780967,55723063839.0,99987471767.0,100000000000.0,XRP,0.443249277338985,556067796.0,24699207777.0,1.0031,1.0338,0.9374,0.8453,0.7465,0.9509,1,7,7,July,2024
01:51:46,2024-07-07,XRP,7,3989,128,417,180,3.91546307780967,55723063839.0,99987471767.0,100000000000.0,XRP,0.4432737607070281,556134648.0,24700572066.0,1.0032,1.0339,0.9374,0.8453,0.7466,0.9509,1,7,7,July,2024
01:52:07,2024-07-07,XRP,7,3989,128,417,180,3.91546307780967,55723063839.0,99987471767.0,100000000000.0,XRP,0.443368047400445,556189045.0,24705826009.0,1.0034,1.0341,0.9376,0.8455,0.7467,0.9511,1,7,7,July,2024
01:52:34,2024-07-07,XRP,7,3989,128,417,180,3.91546307780967,55723063839.0,99987471767.0,100000000000.0,XRP,0.4433811290278881,556342461.0,24706554957.0,1.0034,1.0341,0.9377,0.8455,0.7468,0.9511,1,7,7,July,2024
01:53:07,2024-07-07,XRP,7,3989,128,417,180,3.91546307780967,55723063839.0,99987471767.0,100000000000.0,XRP,0.44334951930425087,556166975.0,24704793567.0,1.0033,1.034,0.9376,0.8455,0.7467,0.9511,1,7,7,July,2024
01:53:56,2024-07-07,XRP,7,3989,128,417,180,3.91546307780967,55723063839.0,99987471767.0,100000000000.0,XRP,0.44322961968287755,556327095.0,24698112392.0,1.0031,1.0337,0.9373,0.8453,0.7465,0.9508,1,7,7,July,2024
01:55:18,2024-07-07,XRP,7,3989,128,417,180,3.91546307780967,55723063839.0,99987471767.0,100000000000.0,XRP,0.4428528583232068,555833697.0,24677118095.0,1.0022,1.0329,0.9365,0.8445,0.7459,0.95,1,7,7,July,2024
01:55:49,2024-07-07,XRP,7,3989,128,417,180,3.91546307780967,55723063839.0,99987471767.0,100000000000.0,XRP,0.44277629828833104,555989967.0,24672851935.0,1.0028,1.0322,0.9361,0.845,0.7458,0.9493,1,7,7,July,2024
01:56:12,2024-07-07,XRP,7,3989,128,417,180,3.91546307780967,55723063839.0,99987471767.0,100000000000.0,XRP,0.44276706051643205,556126915.0,24672337178.0,1.0028,1.0322,0.9361,0.8449,0.7458,0.9492,1,7,7,July,2024
01:56:33,2024-07-07,XRP,7,3989,128,417,180,3.91546307780967,55723063839.0,99987471767.0,100000000000.0,XRP,0.44275325767860196,557020631.0,24671568042.0,1.0028,1.0322,0.9361,0.8449,0.7458,0.9492,1,7,7,July,2024
01:56:56,2024-07-07,XRP,7,3989,128,417,180,3.91546307780967,55723063839.0,99987471767.0,100000000000.0,XRP,0.4427623582978243,556922039.0,24672075156.0,1.0028,1.0322,0.9361,0.8449,0.7458,0.9492,1,7,7,July,2024
01:57:20,2024-07-07,XRP,7,3989,128,417,180,3.91546307780967,55723063839.0,99987471767.0,100000000000.0,XRP,0.44274119383055704,556976185.0,24670895807.0,1.0027,1.0321,0.936,0.8449,0.7457,0.9492,1,7,7,July,2024
01:57:44,2024-07-07,XRP,7,3989,128,417,180,3.91546307780967,55723063839.0,99987471767.0,100000000000.0,XRP,0.4426552029794954,556740460.0,24666104134.0,1.0026,1.0319,0.9359,0.8447,0.7456,0.949,1,7,7,July,2024
01:58:08,2024-07-07,XRP,7,3989,128,417,180,3.91546307780967,55723063839.0,99987471767.0,100000000000.0,XRP,0.44261709147921147,556641814.0,24663980444.0,1.0025,1.0318,0.9358,0.8447,0.7455,0.9489,1,7,7,July,2024
01:58:27,2024-07-07,XRP,7,3989,128,417,180,3.91546307780967,55723063839.0,99987471767.0,100000000000.0,XRP,0.44261001009652884,556718252.0,24663585848.0,1.0025,1.0318,0.9358,0.8446,0.7455,0.9489,1,7,7,July,2024
01:58:48,2024-07-07,XRP,7,3989,128,417,180,3.91546307780967,55723063839.0,99987471767.0,100000000000.0,XRP,0.4426149426619333,556466430.0,24663860706.0,1.0025,1.0318,0.9358,0.8447,0.7455,0.9489,1,7,7,July,2024
01:59:10,2024-07-07,XRP,7,3989,128,417,180,3.91546307780967,55723063839.0,99987471767.0,100000000000.0,XRP,0.4426185916919257,556425809.0,24664064041.0,1.0025,1.0319,0.9358,0.8447,0.7455,0.9489,1,7,7,July,2024
01:59:30,2024-07-07,XRP,7,3989,128,417,180,3.91546307780967,55723063839.0,99987471767.0,100000000000.0,XRP,0.4426105286800951,556424352.0,24663614745.0,1.0025,1.0318,0.9358,0.8446,0.7455,0.9489,1,7,7,July,2024
02:00:01,2024-07-07,XRP,7,3989,128,417,180,3.91546307780967,55723063839.0,99987471767.0,100000000000.0,XRP,0.4426129370597655,556256578.0,24663748947.0,1.0025,1.0318,0.9358,0.8447,0.7455,0.9489,2,7,7,July,2024
02:00:27,2024-07-07,XRP,7,3989,128,417,180,3.91546307780967,55723063839.0,99987471767.0,100000000000.0,XRP,0.44263503883942784,556312934.0,24664980526.0,1.0025,1.0319,0.9358,0.8447,0.7456,0.949,2,7,7,July,2024
02:00:51,2024-07-07,XRP,7,3989,128,417,180,3.91546307780967,55723063839.0,99987471767.0,100000000000.0,XRP,0.4426459124886021,556045008.0,24665586439.0,1.0036,1.0321,0.9361,0.8439,0.7459,0.949,2,7,7,July,2024
02:01:14,2024-07-07,XRP,7,3989,128,417,180,3.91546307780967,55723063839.0,99987471767.0,100000000000.0,XRP,0.4426161526601071,555919322.0,24663928130.0,1.0036,1.032,0.9361,0.8439,0.7458,0.9489,2,7,7,July,2024
11:27:52,2024-07-07,XRP,7,3989,128,420,185,3.91546307780967,55723063839.0,99987471767.0,100000000000.0,XRP,0.4295615857989473,589240255.0,23936487668.0,1.0151,0.9811,0.9068,0.8136,0.6971,0.9169,11,7,7,July,2024
11:28:10,2024-07-07,XRP,7,3989,128,420,185,3.91546307780967,55723063839.0,99987471767.0,100000000000.0,XRP,0.42956450713640537,589168726.0,23936650454.0,1.0151,0.9812,0.9069,0.8136,0.6971,0.9169,11,7,7,July,2024
11:28:39,2024-07-07,XRP,7,3989,128,420,185,3.91546307780967,55723063839.0,99987471767.0,100000000000.0,XRP,0.42964780397235747,589333634.0,23941292009.0,1.0153,0.9813,0.907,0.8138,0.6972,0.9171,11,7,7,July,2024
11:29:00,2024-07-07,XRP,7,3989,128,420,185,3.91546307780967,55723063839.0,99987471767.0,100000000000.0,XRP,0.42978611003016226,589950055.0,23948998846.0,1.0156,0.9817,0.9073,0.814,0.6974,0.9174,11,7,7,July,2024
11:30:34,2024-07-07,XRP,7,3989,128,419,185,3.91546307780967,55723063839.0,99987471767.0,100000000000.0,XRP,0.4298779109740253,589980257.0,23954114276.0,1.0158,0.9819,0.9075,0.8142,0.6976,0.9176,11,7,7,July,2024
11:30:58,2024-07-07,XRP,7,3989,128,419,185,3.91546307780967,55723063839.0,99987471767.0,100000000000.0,XRP,0.4297860450097351,590021595.0,23948995223.0,1.0156,0.9817,0.9073,0.814,0.6974,0.9174,11,7,7,July,2024
11:31:19,2024-07-07,XRP,7,3989,128,419,185,3.91546307780967,55723063839.0,99987471767.0,100000000000.0,XRP,0.42965729828098775,589799586.0,23941821061.0,1.0108,0.9807,0.9071,0.814,0.6982,0.9167,11,7,7,July,2024
11:31:41,2024-07-07,XRP,7,3989,128,419,185,3.91546307780967,55723063839.0,99987471767.0,100000000000.0,XRP,0.4295982949719075,590092527.0,23938533215.0,1.0107,0.9806,0.907,0.8139,0.6981,0.9165,11,7,7,July,2024
11:32:03,2024-07-07,XRP,7,3989,128,419,185,3.91546307780967,55723063839.0,99987471767.0,100000000000.0,XRP,0.42947109935539385,589922914.0,23931445486.0,1.0104,0.9803,0.9067,0.8136,0.6979,0.9163,11,7,7,July,2024
11:32:27,2024-07-07,XRP,7,3989,128,420,186,3.91546307780967,55723063839.0,99987471767.0,100000000000.0,XRP,0.4293447439306664,589853836.0,23924404574.0,1.0101,0.98,0.9064,0.8134,0.6977,0.916,11,7,7,July,2024
11:32:49,2024-07-07,XRP,7,3989,128,420,186,3.91546307780967,55723063839.0,99987471767.0,100000000000.0,XRP,0.4292542487889854,589672921.0,23919361908.0,1.0099,0.9798,0.9062,0.8132,0.6975,0.9158,11,7,7,July,2024
11:33:10,2024-07-07,XRP,7,3989,128,420,186,3.91546307780967,55723063839.0,99987471767.0,100000000000.0,XRP,0.42925324726438924,589802458.0,23919306100.0,1.0099,0.9798,0.9062,0.8132,0.6975,0.9158,11,7,7,July,2024
11:33:34,2024-07-07,XRP,7,3989,128,420,186,3.91546307780967,55723063839.0,99987471767.0,100000000000.0,XRP,0.4290197139057664,589142568.0,23906292906.0,1.0093,0.9793,0.9057,0.8128,0.6972,0.9153,11,7,7,July,2024
11:33:54,2024-07-07,XRP,7,3989,128,420,186,3.91546307780967,55723063839.0,99987471767.0,100000000000.0,XRP,0.4289813766358212,588974355.0,23904156636.0,1.0092,0.9792,0.9057,0.8127,0.6971,0.9152,11,7,7,July,2024
11:34:14,2024-07-07,XRP,7,3989,128,420,186,3.91546307780967,55723063839.0,99987471767.0,100000000000.0,XRP,0.4290570432693727,588754714.0,23908373012.0,1.0094,0.9793,0.9058,0.8129,0.6972,0.9154,11,7,7,July,2024
11:34:40,2024-07-07,XRP,7,3989,128,420,186,3.91546307780967,55723063839.0,99987471767.0,100000000000.0,XRP,0.42906743143708354,588708537.0,23908951873.0,1.0094,0.9794,0.9058,0.8129,0.6972,0.9154,11,7,7,July,2024
11:35:01,2024-07-07,XRP,7,3989,128,420,186,3.91546307780967,55723063839.0,99987471767.0,100000000000.0,XRP,0.42906155615730524,588626309.0,23908624484.0,1.0094,0.9794,0.9058,0.8129,0.6972,0.9154,11,7,7,July,2024
11:35:23,2024-07-07,XRP,7,3989,128,420,186,3.91546307780967,55723063839.0,99987471767.0,100000000000.0,XRP,0.42913805047587933,588687368.0,23912886982.0,1.007,0.9782,0.9056,0.8121,0.6981,0.915,11,7,7,July,2024
11:35:44,2024-07-07,XRP,7,3989,128,420,186,3.91546307780967,55723063839.0,99987471767.0,100000000000.0,XRP,0.42911881702815236,588711325.0,23911815235.0,1.007,0.9781,0.9056,0.8121,0.6981,0.9149,11,7,7,July,2024
11:36:06,2024-07-07,XRP,7,3989,128,420,186,3.91546307780967,55723063839.0,99987471767.0,100000000000.0,XRP,0.4290965320886026,588640540.0,23910573450.0,1.0069,0.9781,0.9056,0.812,0.6981,0.9149,11,7,7,July,2024
11:36:27,2024-07-07,XRP,7,3989,128,420,186,3.91546307780967,55723063839.0,99987471767.0,100000000000.0,XRP,0.4290850159138206,588559028.0,23909931734.0,1.0069,0.9781,0.9055,0.812,0.6981,0.9149,11,7,7,July,2024
11:36:50,2024-07-07,XRP,7,3989,128,420,186,3.91546307780967,55723063839.0,99987471767.0,100000000000.0,XRP,0.4290435031147501,588876772.0,23907618513.0,1.0068,0.978,0.9054,0.8119,0.698,0.9148,11,7,7,July,2024
11:37:12,2024-07-07,XRP,7,3989,128,420,186,3.91546307780967,55723063839.0,99987471767.0,100000000000.0,XRP,0.42907508244712184,588950630.0,23909378210.0,1.0069,0.9781,0.9055,0.812,0.698,0.9148,11,7,7,July,2024
11:37:38,2024-07-07,XRP,7,3989,128,420,186,3.91546307780967,55723063839.0,99987471767.0,100000000000.0,XRP,0.42909198119841463,588660240.0,23910319861.0,1.0069,0.9781,0.9055,0.812,0.6981,0.9149,11,7,7,July,2024
11:38:01,2024-07-07,XRP,7,3989,128,420,186,3.91546307780967,55723063839.0,99987471767.0,100000000000.0,XRP,0.42913506950224045,588566213.0,23912720873.0,1.007,0.9782,0.9056,0.8121,0.6981,0.915,11,7,7,July,2024
11:38:28,2024-07-07,XRP,7,3989,128,420,186,3.91546307780967,55723063839.0,99987471767.0,100000000000.0,XRP,0.4292155444917719,588616744.0,23917205186.0,1.0072,0.9784,0.9058,0.8123,0.6983,0.9151,11,7,7,July,2024
11:39:16,2024-07-07,XRP,7,3989,128,420,186,3.91546307780967,55723063839.0,99987471767.0,100000000000.0,XRP,0.42921375722887456,588677967.0,23917105594.0,1.0072,0.9784,0.9058,0.8122,0.6983,0.9151,11,7,7,July,2024
11:40:26,2024-07-07,XRP,7,3989,128,420,186,3.91546307780967,55723063839.0,99987471767.0,100000000000.0,XRP,0.4293902364743412,588457772.0,23926939558.0,1.0076,0.9788,0.9062,0.8126,0.6985,0.9155,11,7,7,July,2024
11:40:49,2024-07-07,XRP,7,3989,128,420,186,3.91546307780967,55723063839.0,99987471767.0,100000000000.0,XRP,0.4294228016274781,587955822.0,23928754189.0,1.0092,0.9781,0.9061,0.813,0.6977,0.9128,11,7,7,July,2024
11:41:11,2024-07-07,XRP,7,3989,128,420,186,3.91546307780967,55723063839.0,99987471767.0,100000000000.0,XRP,0.42943248124964767,587836599.0,23929293567.0,1.0093,0.9781,0.9061,0.813,0.6977,0.9128,11,7,7,July,2024
11:41:32,2024-07-07,XRP,7,3989,128,420,186,3.91546307780967,55723063839.0,99987471767.0,100000000000.0,XRP,0.42936720200396256,587082750.0,23925656007.0,1.0091,0.978,0.906,0.8128,0.6976,0.9126,11,7,7,July,2024
11:41:53,2024-07-07,XRP,7,3989,128,420,186,3.91546307780967,55723063839.0,99987471767.0,100000000000.0,XRP,0.4294034816952546,586414261.0,23927677623.0,1.0092,0.978,0.9061,0.8129,0.6977,0.9127,11,7,7,July,2024
11:42:16,2024-07-07,XRP,7,3989,128,420,186,3.91546307780967,55723063839.0,99987471767.0,100000000000.0,XRP,0.42944482847537635,586336572.0,23929981592.0,1.0093,0.9781,0.9062,0.813,0.6977,0.9128,11,7,7,July,2024
11:42:40,2024-07-07,XRP,7,3989,128,420,186,3.91546307780967,55723063839.0,99987471767.0,100000000000.0,XRP,0.4296316626719137,586263416.0,23940392566.0,1.0097,0.9786,0.9066,0.8133,0.6981,0.9132,11,7,7,July,2024
11:43:25,2024-07-07,XRP,7,3989,128,420,186,3.91546307780967,55723063839.0,99987471767.0,100000000000.0,XRP,0.42983916389998583,586223463.0,23951955170.0,1.0102,0.979,0.907,0.8137,0.6984,0.9137,11,7,7,July,2024
11:44:32,2024-07-07,XRP,7,3989,128,420,186,3.91546307780967,55723063839.0,99987471767.0,100000000000.0,XRP,0.43002369306031185,586734493.0,23962237700.0,1.0106,0.9795,0.9074,0.8141,0.6987,0.914,11,7,7,July,2024
11:44:54,2024-07-07,XRP,7,3989,128,420,186,3.91546307780967,55723063839.0,99987471767.0,100000000000.0,XRP,0.42989625530589626,586453280.0,23955136478.0,1.0103,0.9792,0.9071,0.8139,0.6985,0.9138,11,7,7,July,2024
11:45:16,2024-07-07,XRP,7,3989,128,420,186,3.91546307780967,55723063839.0,99987471767.0,100000000000.0,XRP,0.42989282173826276,586378148.0,23954945149.0,1.0103,0.9792,0.9071,0.8138,0.6985,0.9138,11,7,7,July,2024
11:45:38,2024-07-07,XRP,7,3989,128,420,186,3.91546307780967,55723063839.0,99987471767.0,100000000000.0,XRP,0.42979264464307027,586041607.0,23949362974.0,1.0101,0.9789,0.9069,0.8137,0.6983,0.9136,11,7,7,July,2024
11:45:59,2024-07-07,XRP,7,3989,128,420,186,3.91546307780967,55723063839.0,99987471767.0,100000000000.0,XRP,0.4295991199508173,585642168.0,23938579186.0,1.0097,0.9785,0.9065,0.8133,0.698,0.9131,11,7,7,July,2024
11:46:21,2024-07-07,XRP,7,3989,128,420,186,3.91546307780967,55723063839.0,99987471767.0,100000000000.0,XRP,0.4294003222874385,585240905.0,23927501571.0,1.0096,0.9766,0.9055,0.8135,0.6965,0.9124,11,7,7,July,2024
11:46:41,2024-07-07,XRP,7,3989,128,420,186,3.91546307780967,55723063839.0,99987471767.0,100000000000.0,XRP,0.42929650401750646,585429011.0,23921716499.0,1.0094,0.9764,0.9053,0.8133,0.6963,0.9121,11,7,7,July,2024
11:47:04,2024-07-07,XRP,7,3989,128,420,186,3.91546307780967,55723063839.0,99987471767.0,100000000000.0,XRP,0.4290691474752794,585317716.0,23909047496.0,1.0088,0.9759,0.9048,0.8128,0.6959,0.9117,11,7,7,July,2024
11:47:27,2024-07-07,XRP,7,3989,128,420,186,3.91546307780967,55723063839.0,99987471767.0,100000000000.0,XRP,0.4285123668980556,584800872.0,23878021976.0,1.0075,0.9746,0.9037,0.8118,0.695,0.9105,11,7,7,July,2024
11:47:49,2024-07-07,XRP,7,3989,128,420,186,3.91546307780967,55723063839.0,99987471767.0,100000000000.0,XRP,0.4285323279549298,584719906.0,23879134267.0,1.0076,0.9746,0.9037,0.8118,0.695,0.9105,11,7,7,July,2024
11:48:25,2024-07-07,XRP,7,3989,128,420,186,3.91546307780967,55723063839.0,99987471767.0,100000000000.0,XRP,0.42862871097224375,584830646.0,23884505024.0,1.0078,0.9749,0.9039,0.812,0.6952,0.9107,11,7,7,July,2024
11:48:51,2024-07-07,XRP,7,3989,128,420,186,3.91546307780967,55723063839.0,99987471767.0,100000000000.0,XRP,0.42844344477096724,584539462.0,23874181424.0,1.0074,0.9744,0.9035,0.8117,0.6949,0.9103,11,7,7,July,2024
11:49:11,2024-07-07,XRP,7,3989,128,420,186,3.91546307780967,55723063839.0,99987471767.0,100000000000.0,XRP,0.4284464981929563,584481926.0,23874351570.0,1.0074,0.9744,0.9035,0.8117,0.6949,0.9103,11,7,7,July,2024
11:49:45,2024-07-07,XRP,7,3989,128,420,186,3.91546307780967,55723063839.0,99987471767.0,100000000000.0,XRP,0.4284076195165166,584400678.0,23872185131.0,1.0073,0.9744,0.9034,0.8116,0.6948,0.9102,11,7,7,July,2024
11:50:23,2024-07-07,XRP,7,3989,128,420,186,3.91546307780967,55723063839.0,99987471767.0,100000000000.0,XRP,0.4278977077341003,583328038.0,23843771284.0,1.0061,0.9732,0.9024,0.8106,0.694,0.9092,11,7,7,July,2024
11:51:43,2024-07-07,XRP,7,3989,128,420,186,3.91546307780967,55723063839.0,99987471767.0,100000000000.0,XRP,0.4276790571491393,583709932.0,23831587404.0,1.0064,0.9724,0.9016,0.8099,0.6938,0.9089,11,7,7,July,2024
11:52:06,2024-07-07,XRP,7,3989,128,420,186,3.91546307780967,55723063839.0,99987471767.0,100000000000.0,XRP,0.4276791127569681,583711164.0,23831590502.0,1.0064,0.9724,0.9016,0.8099,0.6938,0.9089,11,7,7,July,2024
11:52:41,2024-07-07,XRP,7,3989,128,420,186,3.91546307780967,55723063839.0,99987471767.0,100000000000.0,XRP,0.42766401522156827,584000325.0,23830749221.0,1.0064,0.9724,0.9016,0.8098,0.6937,0.9089,11,7,7,July,2024
11:53:21,2024-07-07,XRP,7,3989,128,420,186,3.91546307780967,55723063839.0,99987471767.0,100000000000.0,XRP,0.4279098493356205,584373372.0,23844447851.0,1.007,0.9729,0.9021,0.8103,0.6941,0.9094,11,7,7,July,2024
11:54:28,2024-07-07,XRP,7,3989,128,421,187,3.91546307780967,55723063839.0,99987471767.0,100000000000.0,XRP,0.4279981207064594,584371814.0,23849366603.0,1.0072,0.9731,0.9023,0.8105,0.6943,0.9096,11,7,7,July,2024
11:54:50,2024-07-07,XRP,7,3989,128,421,187,3.91546307780967,55723063839.0,99987471767.0,100000000000.0,XRP,0.4280281307457163,584302209.0,23851038854.0,1.0072,0.9732,0.9023,0.8105,0.6943,0.9096,11,7,7,July,2024
11:55:14,2024-07-07,XRP,7,3989,128,421,187,3.91546307780967,55723063839.0,99987471767.0,100000000000.0,XRP,0.42812815438360174,584312503.0,23856612477.0,1.0075,0.9734,0.9026,0.8107,0.6945,0.9098,11,7,7,July,2024
11:55:39,2024-07-07,XRP,7,3989,128,421,187,3.91546307780967,55723063839.0,99987471767.0,100000000000.0,XRP,0.42818469074504945,584240520.0,23859762857.0,1.0075,0.9754,0.9027,0.8115,0.6952,0.9107,11,7,7,July,2024
11:56:03,2024-07-07,XRP,7,3989,128,421,187,3.91546307780967,55723063839.0,99987471767.0,100000000000.0,XRP,0.42819865553339714,584112528.0,23860541018.0,1.0075,0.9755,0.9027,0.8116,0.6953,0.9107,11,7,7,July,2024
11:56:23,2024-07-07,XRP,7,3989,128,421,187,3.91546307780967,55723063839.0,99987471767.0,100000000000.0,XRP,0.42822320216669796,583958658.0,23861908831.0,1.0076,0.9755,0.9028,0.8116,0.6953,0.9108,11,7,7,July,2024
11:56:45,2024-07-07,XRP,7,3989,128,421,187,3.91546307780967,55723063839.0,99987471767.0,100000000000.0,XRP,0.42822320216669796,583958658.0,23861908831.0,1.0076,0.9755,0.9028,0.8116,0.6953,0.9108,11,7,7,July,2024
11:57:04,2024-07-07,XRP,7,3989,128,421,187,3.91546307780967,55723063839.0,99987471767.0,100000000000.0,XRP,0.428322750294313,583794920.0,23867455958.0,1.0078,0.9757,0.903,0.8118,0.6955,0.911,11,7,7,July,2024
11:57:33,2024-07-07,XRP,7,3989,128,421,187,3.91546307780967,55723063839.0,99987471767.0,100000000000.0,XRP,0.42850924188121337,584032793.0,23877847840.0,1.0083,0.9762,0.9034,0.8121,0.6958,0.9114,11,7,7,July,2024
11:58:00,2024-07-07,XRP,7,3989,128,421,187,3.91546307780967,55723063839.0,99987471767.0,100000000000.0,XRP,0.42860073284746436,584124818.0,23882945997.0,1.0085,0.9764,0.9036,0.8123,0.6959,0.9116,11,7,7,July,2024
11:58:27,2024-07-07,XRP,7,3989,128,421,187,3.91546307780967,55723063839.0,99987471767.0,100000000000.0,XRP,0.42864421843471257,584195476.0,23885369148.0,1.0086,0.9765,0.9037,0.8124,0.696,0.9116,11,7,7,July,2024
11:58:51,2024-07-07,XRP,7,3989,128,421,187,3.91546307780967,55723063839.0,99987471767.0,100000000000.0,XRP,0.42852036075912975,584113385.0,23878467418.0,1.0083,0.9762,0.9034,0.8122,0.6958,0.9114,11,7,7,July,2024
11:59:15,2024-07-07,XRP,7,3989,128,421,187,3.91546307780967,55723063839.0,99987471767.0,100000000000.0,XRP,0.4283471565915902,583834132.0,23868815952.0,1.0079,0.9758,0.903,0.8118,0.6955,0.911,11,7,7,July,2024
12:00:56,2024-07-07,XRP,7,3989,128,421,187,3.91546307780967,55723063839.0,99987471767.0,100000000000.0,XRP,0.42810547412398064,579658694.0,23855348664.0,1.005,0.9748,0.903,0.8113,0.6959,0.91,12,7,7,July,2024
12:01:25,2024-07-07,XRP,7,3989,128,421,187,3.91546307780967,55723063839.0,99987471767.0,100000000000.0,XRP,0.42805404012229187,579389301.0,23852482604.0,1.0049,0.9747,0.9029,0.8112,0.6958,0.9099,12,7,7,July,2024
12:02:01,2024-07-07,XRP,7,3989,128,421,187,3.91546307780967,55723063839.0,99987471767.0,100000000000.0,XRP,0.4282131392482817,580557612.0,23861348095.0,1.0053,0.9751,0.9032,0.8115,0.696,0.9102,12,7,7,July,2024
12:10:29,2024-07-07,XRP,7,3989,128,421,187,3.91546307780967,55723063839.0,99987471767.0,100000000000.0,XRP,0.42964055804687623,582966534.0,23940888243.0,1.0053,0.9784,0.9066,0.814,0.6883,0.9083,12,7,7,July,2024
12:11:32,2024-07-07,XRP,7,3989,128,421,187,3.91546307780967,55723063839.0,99987471767.0,100000000000.0,XRP,0.42992504147359034,582940732.0,23956740532.0,1.006,0.979,0.9072,0.8146,0.6888,0.9089,12,7,7,July,2024
12:13:18,2024-07-07,XRP,7,3989,128,421,187,3.91546307780967,55723063839.0,99987471767.0,100000000000.0,XRP,0.4305184677696796,585349228.0,23989808063.0,1.0074,0.9804,0.9084,0.8157,0.6897,0.9102,12,7,7,July,2024
12:13:44,2024-07-07,XRP,7,3989,128,421,187,3.91546307780967,55723063839.0,99987471767.0,100000000000.0,XRP,0.43051847018163564,585364558.0,23989808197.0,1.0074,0.9804,0.9084,0.8157,0.6897,0.9102,12,7,7,July,2024
12:14:07,2024-07-07,XRP,7,3989,128,421,187,3.91546307780967,55723063839.0,99987471767.0,100000000000.0,XRP,0.43053515107075896,585105783.0,23990737708.0,1.0074,0.9804,0.9085,0.8157,0.6898,0.9102,12,7,7,July,2024
12:15:51,2024-07-07,XRP,7,3989,128,421,187,3.91546307780967,55723063839.0,99987471767.0,100000000000.0,XRP,0.4305329501248294,585187084.0,23990615064.0,1.0073,0.9796,0.9089,0.8158,0.6932,0.9078,12,7,7,July,2024
12:18:19,2024-07-07,XRP,7,3989,128,420,186,3.91546307780967,55723063839.0,99987471767.0,100000000000.0,XRP,0.4302775823431305,585010062.0,23976385189.0,1.0067,0.979,0.9084,0.8153,0.6928,0.9072,12,7,7,July,2024
12:18:45,2024-07-07,XRP,7,3989,128,420,186,3.91546307780967,55723063839.0,99987471767.0,100000000000.0,XRP,0.43028925441053206,585141704.0,23977035592.0,1.0068,0.9791,0.9084,0.8154,0.6928,0.9073,12,7,7,July,2024
12:31:52,2024-07-07,XRP,7,3989,128,420,186,3.91546307780967,55723063839.0,99987471767.0,100000000000.0,XRP,0.4298989138299624,580980756.0,23955284619.0,0.9999,0.9719,0.9079,0.8143,0.6948,0.9081,12,7,7,July,2024
12:49:29,2024-07-07,XRP,7,3989,128,419,185,3.91546307780967,55723063839.0,99987471767.0,100000000000.0,XRP,0.43134130932022674,572927702.0,24035659315.0,1.0033,0.9679,0.9112,0.8183,0.6979,0.9129,12,7,7,July,2024
12:53:30,2024-07-07,XRP,7,3989,128,419,185,3.91546307780967,55723063839.0,99987471767.0,100000000000.0,XRP,0.43121909754391047,567176875.0,24028849301.0,1.0069,0.9655,0.9109,0.82,0.6977,0.912,12,7,7,July,2024
12:54:53,2024-07-07,XRP,7,3989,128,419,185,3.91546307780967,55723063839.0,99987471767.0,100000000000.0,XRP,0.431279058471889,566496957.0,24032190507.0,1.0071,0.9657,0.9111,0.8201,0.6978,0.9121,12,7,7,July,2024
12:56:21,2024-07-07,XRP,7,3989,128,419,185,3.91546307780967,55723063839.0,99987471767.0,100000000000.0,XRP,0.4312677772727835,565728280.0,24031561884.0,1.0075,0.9668,0.9113,0.8216,0.6976,0.9133,12,7,7,July,2024
12:56:43,2024-07-07,XRP,7,3989,128,419,185,3.91546307780967,55723063839.0,99987471767.0,100000000000.0,XRP,0.4312795774764238,564671476.0,24032219428.0,1.0075,0.9669,0.9113,0.8216,0.6976,0.9133,12,7,7,July,2024
12:57:07,2024-07-07,XRP,7,3989,128,419,185,3.91546307780967,55723063839.0,99987471767.0,100000000000.0,XRP,0.43134121050107294,563348261.0,24035653809.0,1.0077,0.967,0.9115,0.8218,0.6977,0.9134,12,7,7,July,2024
12:57:29,2024-07-07,XRP,7,3989,128,419,185,3.91546307780967,55723063839.0,99987471767.0,100000000000.0,XRP,0.4313874514876575,563270715.0,24038230498.0,1.0078,0.9671,0.9116,0.8219,0.6978,0.9135,12,7,7,July,2024
12:57:52,2024-07-07,XRP,7,3989,128,419,185,3.91546307780967,55723063839.0,99987471767.0,100000000000.0,XRP,0.43149419012565354,563139393.0,24044178302.0,1.008,0.9674,0.9118,0.8221,0.6979,0.9138,12,7,7,July,2024
12:58:13,2024-07-07,XRP,7,3989,128,419,185,3.91546307780967,55723063839.0,99987471767.0,100000000000.0,XRP,0.43152761874482953,563214081.0,24046041047.0,1.0081,0.9674,0.9119,0.8221,0.698,0.9138,12,7,7,July,2024
12:58:33,2024-07-07,XRP,7,3989,128,419,185,3.91546307780967,55723063839.0,99987471767.0,100000000000.0,XRP,0.43169037278143024,563253189.0,24055110201.0,1.0085,0.9678,0.9122,0.8224,0.6982,0.9142,12,7,7,July,2024
12:58:54,2024-07-07,XRP,7,3989,128,419,185,3.91546307780967,55723063839.0,99987471767.0,100000000000.0,XRP,0.4316901939729208,563203856.0,24055100237.0,1.0085,0.9678,0.9122,0.8224,0.6982,0.9142,12,7,7,July,2024
12:59:41,2024-07-07,XRP,7,3989,128,419,185,3.91546307780967,55723063839.0,99987471767.0,100000000000.0,XRP,0.43184347095544257,562752799.0,24063641300.0,1.0088,0.9681,0.9125,0.8227,0.6985,0.9145,12,7,7,July,2024
13:00:01,2024-07-07,XRP,7,3989,128,419,185,3.91546307780967,55723063839.0,99987471767.0,100000000000.0,XRP,0.43186647530597216,562865020.0,24064923173.0,1.0089,0.9682,0.9126,0.8228,0.6985,0.9145,13,7,7,July,2024
13:00:25,2024-07-07,XRP,7,3989,128,419,185,3.91546307780967,55723063839.0,99987471767.0,100000000000.0,XRP,0.43197406935527893,562910077.0,24070918643.0,1.0091,0.9684,0.9128,0.823,0.6987,0.9148,13,7,7,July,2024
13:00:48,2024-07-07,XRP,7,3989,128,419,185,3.91546307780967,55723063839.0,99987471767.0,100000000000.0,XRP,0.43201633313125076,562052726.0,24073273710.0,1.0088,0.9679,0.9128,0.8233,0.7001,0.9151,13,7,7,July,2024
13:01:11,2024-07-07,XRP,7,3989,128,419,185,3.91546307780967,55723063839.0,99987471767.0,100000000000.0,XRP,0.4320069937266975,561487103.0,24072753290.0,1.0088,0.9679,0.9128,0.8232,0.7001,0.9151,13,7,7,July,2024
13:01:31,2024-07-07,XRP,7,3989,128,419,185,3.91546307780967,55723063839.0,99987471767.0,100000000000.0,XRP,0.4319498440653984,559352315.0,24069568736.0,1.0087,0.9678,0.9127,0.8231,0.7,0.915,13,7,7,July,2024
13:01:54,2024-07-07,XRP,7,3989,128,419,185,3.91546307780967,55723063839.0,99987471767.0,100000000000.0,XRP,0.43197069664998433,559164591.0,24070730706.0,1.0087,0.9678,0.9127,0.8232,0.7,0.915,13,7,7,July,2024
13:02:15,2024-07-07,XRP,7,3989,128,419,185,3.91546307780967,55723063839.0,99987471767.0,100000000000.0,XRP,0.43196561002089506,558952294.0,24070447263.0,1.0087,0.9678,0.9127,0.8232,0.7,0.915,13,7,7,July,2024
13:02:40,2024-07-07,XRP,7,3989,128,419,185,3.91546307780967,55723063839.0,99987471767.0,100000000000.0,XRP,0.4318874650257612,558805445.0,24066092784.0,1.0085,0.9676,0.9125,0.823,0.6999,0.9149,13,7,7,July,2024
13:03:04,2024-07-07,XRP,7,3989,128,419,185,3.91546307780967,55723063839.0,99987471767.0,100000000000.0,XRP,0.4319138009951685,558939615.0,24067560305.0,1.0086,0.9677,0.9126,0.8231,0.6999,0.9149,13,7,7,July,2024
13:03:26,2024-07-07,XRP,7,3989,128,419,185,3.91546307780967,55723063839.0,99987471767.0,100000000000.0,XRP,0.4320155732374149,559019361.0,24073231366.0,1.0088,0.9679,0.9128,0.8233,0.7001,0.9151,13,7,7,July,2024
13:03:52,2024-07-07,XRP,7,3989,128,419,185,3.91546307780967,55723063839.0,99987471767.0,100000000000.0,XRP,0.43203587987152386,558858373.0,24074362914.0,1.0089,0.968,0.9128,0.8233,0.7001,0.9152,13,7,7,July,2024
13:04:13,2024-07-07,XRP,7,3989,128,419,185,3.91546307780967,55723063839.0,99987471767.0,100000000000.0,XRP,0.43202069306043817,558749592.0,24073516659.0,1.0088,0.9679,0.9128,0.8233,0.7001,0.9151,13,7,7,July,2024
13:04:38,2024-07-07,XRP,7,3989,128,419,185,3.91546307780967,55723063839.0,99987471767.0,100000000000.0,XRP,0.4320114233549575,558667297.0,24073000122.0,1.0088,0.9679,0.9128,0.8233,0.7001,0.9151,13,7,7,July,2024
13:05:01,2024-07-07,XRP,7,3989,128,419,185,3.91546307780967,55723063839.0,99987471767.0,100000000000.0,XRP,0.4320246374514351,558313121.0,24073736452.0,1.0089,0.9679,0.9128,0.8233,0.7001,0.9152,13,7,7,July,2024
13:05:28,2024-07-07,XRP,7,3989,128,419,185,3.91546307780967,55723063839.0,99987471767.0,100000000000.0,XRP,0.43202247215430895,558157601.0,24073615795.0,1.0089,0.9679,0.9128,0.8233,0.7001,0.9151,13,7,7,July,2024
13:05:50,2024-07-07,XRP,7,3989,128,419,185,3.91546307780967,55723063839.0,99987471767.0,100000000000.0,XRP,0.4321067873633097,558347267.0,24078314097.0,1.009,0.9681,0.913,0.8234,0.7002,0.9153,13,7,7,July,2024
13:06:13,2024-07-07,XRP,7,3989,128,419,185,3.91546307780967,55723063839.0,99987471767.0,100000000000.0,XRP,0.43239362861117453,558708085.0,24094297770.0,1.0086,0.9702,0.9137,0.8246,0.7,0.9158,13,7,7,July,2024
13:06:33,2024-07-07,XRP,7,3989,128,419,185,3.91546307780967,55723063839.0,99987471767.0,100000000000.0,XRP,0.43281129008339236,559257959.0,24117571147.0,1.0096,0.9712,0.9146,0.8254,0.7006,0.9167,13,7,7,July,2024
13:06:53,2024-07-07,XRP,7,3989,128,419,185,3.91546307780967,55723063839.0,99987471767.0,100000000000.0,XRP,0.4329009161299104,559315334.0,24122565385.0,1.0098,0.9714,0.9148,0.8256,0.7008,0.9169,13,7,7,July,2024
13:07:13,2024-07-07,XRP,7,3989,128,419,185,3.91546307780967,55723063839.0,99987471767.0,100000000000.0,XRP,0.4328799290582509,559286907.0,24121395921.0,1.0098,0.9713,0.9147,0.8256,0.7007,0.9169,13,7,7,July,2024
13:07:43,2024-07-07,XRP,7,3989,128,419,185,3.91546307780967,55723063839.0,99987471767.0,100000000000.0,XRP,0.4329039790520841,559274322.0,24122736060.0,1.0098,0.9714,0.9148,0.8256,0.7008,0.9169,13,7,7,July,2024
13:08:16,2024-07-07,XRP,7,3989,128,419,185,3.91546307780967,55723063839.0,99987471767.0,100000000000.0,XRP,0.4327294548032285,558875427.0,24113011035.0,1.0094,0.971,0.9144,0.8253,0.7005,0.9166,13,7,7,July,2024
13:08:45,2024-07-07,XRP,7,3989,128,419,185,3.91546307780967,55723063839.0,99987471767.0,100000000000.0,XRP,0.4327323756895336,558799812.0,24113173795.0,1.0094,0.971,0.9144,0.8253,0.7005,0.9166,13,7,7,July,2024
13:09:10,2024-07-07,XRP,7,3989,128,419,185,3.91546307780967,55723063839.0,99987471767.0,100000000000.0,XRP,0.4327180983116958,558632121.0,24112378216.0,1.0094,0.971,0.9144,0.8252,0.7005,0.9165,13,7,7,July,2024
13:10:03,2024-07-07,XRP,7,3989,128,419,185,3.91546307780967,55723063839.0,99987471767.0,100000000000.0,XRP,0.4326464885661405,558456279.0,24108387902.0,1.0092,0.9708,0.9142,0.8251,0.7004,0.9164,13,7,7,July,2024
13:10:23,2024-07-07,XRP,7,3989,128,419,185,3.91546307780967,55723063839.0,99987471767.0,100000000000.0,XRP,0.4326464885661405,558456279.0,24108387902.0,1.0092,0.9708,0.9142,0.8251,0.7004,0.9164,13,7,7,July,2024
13:10:48,2024-07-07,XRP,7,3989,128,419,185,3.91546307780967,55723063839.0,99987471767.0,100000000000.0,XRP,0.43247798538952437,558114467.0,24098998388.0,1.0088,0.9704,0.9139,0.8248,0.7001,0.916,13,7,7,July,2024
13:11:09,2024-07-07,XRP,7,3989,128,419,185,3.91546307780967,55723063839.0,99987471767.0,100000000000.0,XRP,0.4324407246961973,558235546.0,24096922108.0,1.0088,0.9703,0.9138,0.8247,0.7,0.9159,13,7,7,July,2024
13:11:33,2024-07-07,XRP,7,3989,128,419,185,3.91546307780967,55723063839.0,99987471767.0,100000000000.0,XRP,0.4322312934091639,558028825.0,24085251955.0,1.0061,0.9698,0.9133,0.8249,0.6993,0.9163,13,7,7,July,2024
13:11:56,2024-07-07,XRP,7,3989,128,419,185,3.91546307780967,55723063839.0,99987471767.0,100000000000.0,XRP,0.4321999015142609,557704907.0,24083502703.0,1.006,0.9698,0.9132,0.8249,0.6993,0.9162,13,7,7,July,2024
13:12:33,2024-07-07,XRP,7,3989,128,419,185,3.91546307780967,55723063839.0,99987471767.0,100000000000.0,XRP,0.43212588517338807,557818813.0,24079378286.0,1.0058,0.9696,0.913,0.8247,0.6991,0.916,13,7,7,July,2024
13:13:00,2024-07-07,XRP,7,3989,128,419,185,3.91546307780967,55723063839.0,99987471767.0,100000000000.0,XRP,0.4320617091514044,557771048.0,24075802201.0,1.0057,0.9695,0.9129,0.8246,0.699,0.9159,13,7,7,July,2024
13:13:23,2024-07-07,XRP,7,3989,128,419,185,3.91546307780967,55723063839.0,99987471767.0,100000000000.0,XRP,0.4320543762493657,557668964.0,24075393589.0,1.0057,0.9694,0.9129,0.8246,0.699,0.9159,13,7,7,July,2024
13:13:47,2024-07-07,XRP,7,3989,128,419,185,3.91546307780967,55723063839.0,99987471767.0,100000000000.0,XRP,0.4320564340707855,557482061.0,24075508257.0,1.0057,0.9694,0.9129,0.8246,0.699,0.9159,13,7,7,July,2024
13:14:09,2024-07-07,XRP,7,3989,128,419,185,3.91546307780967,55723063839.0,99987471767.0,100000000000.0,XRP,0.43195811417604324,557471015.0,24070029572.0,1.0054,0.9692,0.9127,0.8244,0.6989,0.9157,13,7,7,July,2024
14:46:30,2024-07-07,XRP,7,3989,127,420,186,3.91546307780967,55723063839.0,99987471767.0,100000000000.0,XRP,0.4318849707577653,555234301.0,24065953796.0,1.0032,0.9661,0.9102,0.8741,0.6913,0.9133,14,7,7,July,2024
14:46:51,2024-07-07,XRP,7,3989,127,420,186,3.91546307780967,55723063839.0,99987471767.0,100000000000.0,XRP,0.4318966514324419,555587805.0,24066604679.0,1.0033,0.9662,0.9103,0.8742,0.6913,0.9133,14,7,7,July,2024
14:47:31,2024-07-07,XRP,7,3989,127,420,186,3.91546307780967,55723063839.0,99987471767.0,100000000000.0,XRP,0.43166408019865915,555305350.0,24053645097.0,1.0027,0.9656,0.9098,0.8737,0.6909,0.9128,14,7,7,July,2024
14:47:53,2024-07-07,XRP,7,3989,127,420,186,3.91546307780967,55723063839.0,99987471767.0,100000000000.0,XRP,0.43166012226752676,555397896.0,24053424549.0,1.0027,0.9656,0.9098,0.8737,0.6909,0.9128,14,7,7,July,2024
14:48:16,2024-07-07,XRP,7,3989,127,420,186,3.91546307780967,55723063839.0,99987471767.0,100000000000.0,XRP,0.43162841603144436,555188256.0,24051657781.0,1.0026,0.9656,0.9097,0.8736,0.6909,0.9127,14,7,7,July,2024
14:48:39,2024-07-07,XRP,7,3989,127,420,186,3.91546307780967,55723063839.0,99987471767.0,100000000000.0,XRP,0.431599817887901,555135456.0,24050064205.0,1.0026,0.9655,0.9096,0.8736,0.6908,0.9127,14,7,7,July,2024
14:49:03,2024-07-07,XRP,7,3989,127,420,186,3.91546307780967,55723063839.0,99987471767.0,100000000000.0,XRP,0.4315473027529668,555114851.0,24047137900.0,1.0024,0.9654,0.9095,0.8735,0.6907,0.9126,14,7,7,July,2024
14:49:25,2024-07-07,XRP,7,3989,127,420,186,3.91546307780967,55723063839.0,99987471767.0,100000000000.0,XRP,0.4314006219832469,554885850.0,24038964398.0,1.0021,0.965,0.9092,0.8732,0.6905,0.9123,14,7,7,July,2024
14:49:48,2024-07-07,XRP,7,3989,127,420,186,3.91546307780967,55723063839.0,99987471767.0,100000000000.0,XRP,0.43140150959214596,554891348.0,24039013859.0,1.0021,0.965,0.9092,0.8732,0.6905,0.9123,14,7,7,July,2024
14:50:11,2024-07-07,XRP,7,3989,127,420,186,3.91546307780967,55723063839.0,99987471767.0,100000000000.0,XRP,0.4313358980530379,554823433.0,24035357783.0,1.002,0.9649,0.9091,0.873,0.6904,0.9121,14,7,7,July,2024
14:50:31,2024-07-07,XRP,7,3989,127,420,186,3.91546307780967,55723063839.0,99987471767.0,100000000000.0,XRP,0.4313116595384236,554790700.0,24034007138.0,1.0019,0.9648,0.909,0.873,0.6904,0.9121,14,7,7,July,2024
14:50:57,2024-07-07,XRP,7,3989,127,420,186,3.91546307780967,55723063839.0,99987471767.0,100000000000.0,XRP,0.43122597196137014,554620450.0,24029232364.0,1.002,0.9651,0.9081,0.8718,0.6912,0.9117,14,7,7,July,2024
14:51:16,2024-07-07,XRP,7,3989,127,420,186,3.91546307780967,55723063839.0,99987471767.0,100000000000.0,XRP,0.43110425718892315,554201164.0,24022450044.0,1.0017,0.9648,0.9079,0.8715,0.691,0.9115,14,7,7,July,2024
14:51:40,2024-07-07,XRP,7,3989,127,420,186,3.91546307780967,55723063839.0,99987471767.0,100000000000.0,XRP,0.43106615912133733,554489417.0,24020327103.0,1.0016,0.9647,0.9078,0.8715,0.6909,0.9114,14,7,7,July,2024
14:52:01,2024-07-07,XRP,7,3989,127,420,186,3.91546307780967,55723063839.0,99987471767.0,100000000000.0,XRP,0.43106615912133733,554489417.0,24020327103.0,1.0016,0.9647,0.9078,0.8715,0.6909,0.9114,14,7,7,July,2024
14:52:22,2024-07-07,XRP,7,3989,127,420,186,3.91546307780967,55723063839.0,99987471767.0,100000000000.0,XRP,0.43102642611671194,554579643.0,24018113058.0,1.0015,0.9646,0.9077,0.8714,0.6908,0.9113,14,7,7,July,2024
14:52:46,2024-07-07,XRP,7,3989,127,420,186,3.91546307780967,55723063839.0,99987471767.0,100000000000.0,XRP,0.4309614925599968,554561522.0,24014494762.0,1.0014,0.9645,0.9076,0.8712,0.6907,0.9112,14,7,7,July,2024
14:53:38,2024-07-07,XRP,7,3989,127,420,186,3.91546307780967,55723063839.0,99987471767.0,100000000000.0,XRP,0.43101660619156384,554399398.0,24017565862.0,1.0015,0.9646,0.9077,0.8714,0.6908,0.9113,14,7,7,July,2024
14:54:03,2024-07-07,XRP,7,3989,127,420,186,3.91546307780967,55723063839.0,99987471767.0,100000000000.0,XRP,0.43094770802639376,554212377.0,24013726645.0,1.0013,0.9644,0.9075,0.8712,0.6907,0.9112,14,7,7,July,2024
14:54:30,2024-07-07,XRP,7,3989,127,420,186,3.91546307780967,55723063839.0,99987471767.0,100000000000.0,XRP,0.4309473519748119,554106268.0,24013706805.0,1.0013,0.9644,0.9075,0.8712,0.6907,0.9112,14,7,7,July,2024
14:55:00,2024-07-07,XRP,7,3989,127,420,186,3.91546307780967,55723063839.0,99987471767.0,100000000000.0,XRP,0.43113416493615614,554301480.0,24024116595.0,1.0018,0.9648,0.9079,0.8716,0.691,0.9115,14,7,7,July,2024
14:55:24,2024-07-07,XRP,7,3989,127,420,186,3.91546307780967,55723063839.0,99987471767.0,100000000000.0,XRP,0.4311842233696045,554354920.0,24026906005.0,1.0019,0.965,0.908,0.8717,0.6911,0.9117,14,7,7,July,2024
14:55:47,2024-07-07,XRP,7,3989,127,420,186,3.91546307780967,55723063839.0,99987471767.0,100000000000.0,XRP,0.4311755023072715,554153049.0,24026420040.0,1.0019,0.9649,0.908,0.8717,0.6911,0.9116,14,7,7,July,2024
14:56:10,2024-07-07,XRP,7,3989,127,420,186,3.91546307780967,55723063839.0,99987471767.0,100000000000.0,XRP,0.43123738440018416,554107752.0,24029868300.0,0.9985,0.9632,0.9075,0.8729,0.6916,0.911,14,7,7,July,2024
14:56:33,2024-07-07,XRP,7,3989,127,420,186,3.91546307780967,55723063839.0,99987471767.0,100000000000.0,XRP,0.43134046913434837,554311491.0,24035612497.0,0.9987,0.9635,0.9077,0.8731,0.6917,0.9112,14,7,7,July,2024
14:56:55,2024-07-07,XRP,7,3989,127,420,186,3.91546307780967,55723063839.0,99987471767.0,100000000000.0,XRP,0.4314016235250045,554298450.0,24039020207.0,0.9989,0.9636,0.9078,0.8732,0.6918,0.9113,14,7,7,July,2024
14:57:23,2024-07-07,XRP,7,3989,127,420,186,3.91546307780967,55723063839.0,99987471767.0,100000000000.0,XRP,0.43141224509355575,554125190.0,24039612074.0,0.9989,0.9636,0.9078,0.8733,0.6919,0.9114,14,7,7,July,2024
14:57:42,2024-07-07,XRP,7,3989,127,420,186,3.91546307780967,55723063839.0,99987471767.0,100000000000.0,XRP,0.43143176724701193,554116766.0,24040699908.0,0.9989,0.9637,0.9079,0.8733,0.6919,0.9114,14,7,7,July,2024
14:58:02,2024-07-07,XRP,7,3989,127,420,186,3.91546307780967,55723063839.0,99987471767.0,100000000000.0,XRP,0.4313853523373699,554289784.0,24038113527.0,0.9988,0.9636,0.9078,0.8732,0.6918,0.9113,14,7,7,July,2024
14:58:26,2024-07-07,XRP,7,3989,127,420,186,3.91546307780967,55723063839.0,99987471767.0,100000000000.0,XRP,0.43128984489550676,554114609.0,24032791560.0,0.9986,0.9634,0.9076,0.873,0.6917,0.9111,14,7,7,July,2024
14:58:49,2024-07-07,XRP,7,3989,127,420,186,3.91546307780967,55723063839.0,99987471767.0,100000000000.0,XRP,0.4312628128866526,554138555.0,24031285253.0,0.9985,0.9633,0.9075,0.873,0.6916,0.9111,14,7,7,July,2024
14:59:12,2024-07-07,XRP,7,3989,127,420,186,3.91546307780967,55723063839.0,99987471767.0,100000000000.0,XRP,0.43131658260873235,553818520.0,24034281467.0,0.9987,0.9634,0.9076,0.8731,0.6917,0.9112,14,7,7,July,2024
14:59:34,2024-07-07,XRP,7,3989,127,420,186,3.91546307780967,55723063839.0,99987471767.0,100000000000.0,XRP,0.4313206780184036,553793707.0,24034509676.0,0.9987,0.9634,0.9076,0.8731,0.6917,0.9112,14,7,7,July,2024
14:59:57,2024-07-07,XRP,7,3989,127,420,186,3.91546307780967,55723063839.0,99987471767.0,100000000000.0,XRP,0.43134025105283635,553797629.0,24035600345.0,0.9987,0.9635,0.9077,0.8731,0.6917,0.9112,14,7,7,July,2024
15:00:47,2024-07-07,XRP,7,3989,127,420,186,3.91546307780967,55723063839.0,99987471767.0,100000000000.0,XRP,0.4314305207651672,553863567.0,24040630450.0,0.9989,0.9637,0.9079,0.8733,0.6919,0.9114,15,7,7,July,2024
15:01:59,2024-07-07,XRP,7,3989,127,420,186,3.91546307780967,55723063839.0,99987471767.0,100000000000.0,XRP,0.4313224940900174,552927416.0,24034610873.0,0.9963,0.9624,0.9076,0.8685,0.6917,0.9114,15,7,7,July,2024
15:02:39,2024-07-07,XRP,7,3989,127,420,186,3.91546307780967,55723063839.0,99987471767.0,100000000000.0,XRP,0.4313235006268445,552958775.0,24034666960.0,0.9963,0.9624,0.9076,0.8685,0.6917,0.9114,15,7,7,July,2024
15:02:58,2024-07-07,XRP,7,3989,127,420,186,3.91546307780967,55723063839.0,99987471767.0,100000000000.0,XRP,0.43129094389079686,552827826.0,24032852799.0,0.9963,0.9624,0.9075,0.8685,0.6916,0.9114,15,7,7,July,2024
15:03:23,2024-07-07,XRP,7,3989,127,420,186,3.91546307780967,55723063839.0,99987471767.0,100000000000.0,XRP,0.431121159119019,552370856.0,24023391871.0,0.9959,0.962,0.9072,0.8681,0.6914,0.911,15,7,7,July,2024
15:03:42,2024-07-07,XRP,7,3989,127,420,186,3.91546307780967,55723063839.0,99987471767.0,100000000000.0,XRP,0.43112218592238877,552357456.0,24023449088.0,0.9959,0.962,0.9072,0.8681,0.6914,0.911,15,7,7,July,2024
15:04:03,2024-07-07,XRP,7,3989,127,420,186,3.91546307780967,55723063839.0,99987471767.0,100000000000.0,XRP,0.4310680544799899,552092509.0,24020432718.0,0.9958,0.9619,0.9071,0.868,0.6913,0.9109,15,7,7,July,2024
15:04:27,2024-07-07,XRP,7,3989,127,420,186,3.91546307780967,55723063839.0,99987471767.0,100000000000.0,XRP,0.43091496847600436,551701518.0,24011902297.0,0.9954,0.9615,0.9067,0.8677,0.691,0.9106,15,7,7,July,2024
15:04:52,2024-07-07,XRP,7,3989,127,420,186,3.91546307780967,55723063839.0,99987471767.0,100000000000.0,XRP,0.4309023432289088,551665814.0,24011198780.0,0.9954,0.9615,0.9067,0.8677,0.691,0.9106,15,7,7,July,2024
15:05:11,2024-07-07,XRP,7,3989,127,420,186,3.91546307780967,55723063839.0,99987471767.0,100000000000.0,XRP,0.43073497642090874,551825933.0,24001872588.0,0.995,0.9611,0.9064,0.8674,0.6908,0.9102,15,7,7,July,2024
15:05:49,2024-07-07,XRP,7,3989,127,420,186,3.91546307780967,55723063839.0,99987471767.0,100000000000.0,XRP,0.4307193327726237,552782467.0,24001000876.0,0.9943,0.9612,0.9059,0.8711,0.6907,0.9104,15,7,7,July,2024
15:06:55,2024-07-07,XRP,7,3989,127,420,186,3.91546307780967,55723063839.0,99987471767.0,100000000000.0,XRP,0.4299875060230724,554233285.0,23960221248.0,0.9926,0.9595,0.9043,0.8696,0.6895,0.9088,15,7,7,July,2024
15:07:32,2024-07-07,XRP,7,3989,127,420,186,3.91546307780967,55723063839.0,99987471767.0,100000000000.0,XRP,0.43007622869140544,554361972.0,23965165147.0,0.9928,0.9597,0.9045,0.8698,0.6896,0.909,15,7,7,July,2024
15:07:55,2024-07-07,XRP,7,3989,127,420,186,3.91546307780967,55723063839.0,99987471767.0,100000000000.0,XRP,0.43006458425276595,554401700.0,23964516283.0,0.9928,0.9597,0.9045,0.8698,0.6896,0.909,15,7,7,July,2024
15:08:22,2024-07-07,XRP,7,3989,127,420,186,3.91546307780967,55723063839.0,99987471767.0,100000000000.0,XRP,0.43008488469312306,554130054.0,23965647485.0,0.9928,0.9598,0.9045,0.8698,0.6896,0.909,15,7,7,July,2024
15:08:42,2024-07-07,XRP,7,3989,127,420,186,3.91546307780967,55723063839.0,99987471767.0,100000000000.0,XRP,0.43009533655561655,554177212.0,23966229895.0,0.9929,0.9598,0.9046,0.8698,0.6897,0.9091,15,7,7,July,2024
15:09:03,2024-07-07,XRP,7,3989,127,420,186,3.91546307780967,55723063839.0,99987471767.0,100000000000.0,XRP,0.4301032505147093,554142818.0,23966670885.0,0.9929,0.9598,0.9046,0.8699,0.6897,0.9091,15,7,7,July,2024
15:09:26,2024-07-07,XRP,7,3989,127,420,186,3.91546307780967,55723063839.0,99987471767.0,100000000000.0,XRP,0.4301935352482766,554339481.0,23971701827.0,0.9931,0.96,0.9048,0.87,0.6898,0.9093,15,7,7,July,2024
15:09:48,2024-07-07,XRP,7,3989,127,420,186,3.91546307780967,55723063839.0,99987471767.0,100000000000.0,XRP,0.43020625142468577,554405948.0,23972410412.0,0.9931,0.96,0.9048,0.8701,0.6898,0.9093,15,7,7,July,2024
15:10:10,2024-07-07,XRP,7,3989,127,420,186,3.91546307780967,55723063839.0,99987471767.0,100000000000.0,XRP,0.43021229093520896,554402004.0,23972746952.0,0.9931,0.96,0.9048,0.8701,0.6898,0.9093,15,7,7,July,2024
15:10:36,2024-07-07,XRP,7,3989,127,420,186,3.91546307780967,55723063839.0,99987471767.0,100000000000.0,XRP,0.430208996927047,554393312.0,23972563399.0,0.9931,0.96,0.9048,0.8701,0.6898,0.9093,15,7,7,July,2024
15:11:01,2024-07-07,XRP,7,3989,127,420,186,3.91546307780967,55723063839.0,99987471767.0,100000000000.0,XRP,0.43021155103723324,554394339.0,23972705722.0,0.9914,0.9599,0.9052,0.87,0.6901,0.9098,15,7,7,July,2024
15:11:22,2024-07-07,XRP,7,3989,127,420,186,3.91546307780967,55723063839.0,99987471767.0,100000000000.0,XRP,0.430089319544117,554390140.0,23965894609.0,0.9911,0.9597,0.9049,0.8698,0.6899,0.9096,15,7,7,July,2024
15:11:44,2024-07-07,XRP,7,3989,127,420,186,3.91546307780967,55723063839.0,99987471767.0,100000000000.0,XRP,0.4301086684816985,554711740.0,23966972791.0,0.9911,0.9597,0.9049,0.8698,0.6899,0.9096,15,7,7,July,2024
15:12:06,2024-07-07,XRP,7,3989,127,420,186,3.91546307780967,55723063839.0,99987471767.0,100000000000.0,XRP,0.4301273209035275,554720006.0,23968012161.0,0.9912,0.9597,0.905,0.8698,0.6899,0.9096,15,7,7,July,2024
15:12:31,2024-07-07,XRP,7,3989,127,420,186,3.91546307780967,55723063839.0,99987471767.0,100000000000.0,XRP,0.4302242737387581,554979722.0,23973414670.0,0.9914,0.96,0.9052,0.87,0.6901,0.9098,15,7,7,July,2024
15:12:51,2024-07-07,XRP,7,3989,127,420,186,3.91546307780967,55723063839.0,99987471767.0,100000000000.0,XRP,0.43021901980665883,555040995.0,23973121905.0,0.9914,0.9599,0.9052,0.87,0.6901,0.9098,15,7,7,July,2024
15:13:11,2024-07-07,XRP,7,3989,127,420,186,3.91546307780967,55723063839.0,99987471767.0,100000000000.0,XRP,0.43023666154028267,554846415.0,23974104956.0,0.9914,0.96,0.9052,0.8701,0.6901,0.9099,15,7,7,July,2024
15:13:32,2024-07-07,XRP,7,3989,127,420,186,3.91546307780967,55723063839.0,99987471767.0,100000000000.0,XRP,0.43020966888956697,554807153.0,23972600843.0,0.9914,0.9599,0.9052,0.87,0.6901,0.9098,15,7,7,July,2024
15:13:54,2024-07-07,XRP,7,3989,127,420,186,3.91546307780967,55723063839.0,99987471767.0,100000000000.0,XRP,0.43022339916503954,554811206.0,23973365936.0,0.9914,0.96,0.9052,0.87,0.6901,0.9098,15,7,7,July,2024
15:14:13,2024-07-07,XRP,7,3989,127,420,186,3.91546307780967,55723063839.0,99987471767.0,100000000000.0,XRP,0.4302485629150097,554743645.0,23974768137.0,0.9915,0.96,0.9052,0.8701,0.6901,0.9099,15,7,7,July,2024
15:14:34,2024-07-07,XRP,7,3989,127,420,186,3.91546307780967,55723063839.0,99987471767.0,100000000000.0,XRP,0.43037135538588034,554883417.0,23981610510.0,0.9917,0.9603,0.9055,0.8703,0.6903,0.9102,15,7,7,July,2024
15:14:57,2024-07-07,XRP,7,3989,127,420,186,3.91546307780967,55723063839.0,99987471767.0,100000000000.0,XRP,0.4304158761774217,554930148.0,23984091345.0,0.9918,0.9604,0.9056,0.8704,0.6904,0.9103,15,7,7,July,2024
15:15:19,2024-07-07,XRP,7,3989,127,420,186,3.91546307780967,55723063839.0,99987471767.0,100000000000.0,XRP,0.43046602798274197,555002145.0,23986885957.0,0.992,0.9605,0.9057,0.8705,0.6905,0.9104,15,7,7,July,2024
15:15:45,2024-07-07,XRP,7,3989,127,420,186,3.91546307780967,55723063839.0,99987471767.0,100000000000.0,XRP,0.4305678893933048,555209853.0,23992561987.0,0.9922,0.9607,0.9059,0.8707,0.6906,0.9106,15,7,7,July,2024
15:16:09,2024-07-07,XRP,7,3989,127,420,186,3.91546307780967,55723063839.0,99987471767.0,100000000000.0,XRP,0.43050845670814153,554910002.0,23989250216.0,0.9926,0.9596,0.907,0.868,0.6898,0.9104,15,7,7,July,2024
15:16:30,2024-07-07,XRP,7,3989,127,420,186,3.91546307780967,55723063839.0,99987471767.0,100000000000.0,XRP,0.43053444896715404,555112640.0,23990698584.0,0.9927,0.9597,0.9071,0.8681,0.6899,0.9104,15,7,7,July,2024
15:16:53,2024-07-07,XRP,7,3989,127,420,186,3.91546307780967,55723063839.0,99987471767.0,100000000000.0,XRP,0.4305621187564166,555136683.0,23992240430.0,0.9928,0.9598,0.9071,0.8681,0.6899,0.9105,15,7,7,July,2024
15:17:14,2024-07-07,XRP,7,3989,127,420,186,3.91546307780967,55723063839.0,99987471767.0,100000000000.0,XRP,0.43063476949083523,555313389.0,23996288751.0,0.9929,0.9599,0.9073,0.8683,0.69,0.9106,15,7,7,July,2024
15:17:35,2024-07-07,XRP,7,3989,127,420,186,3.91546307780967,55723063839.0,99987471767.0,100000000000.0,XRP,0.430754282258593,555499343.0,24002948369.0,0.9932,0.9602,0.9075,0.8685,0.6902,0.9109,15,7,7,July,2024
15:17:56,2024-07-07,XRP,7,3989,127,420,186,3.91546307780967,55723063839.0,99987471767.0,100000000000.0,XRP,0.4307679345258724,555485555.0,24003709115.0,0.9932,0.9602,0.9076,0.8686,0.6902,0.9109,15,7,7,July,2024
15:18:19,2024-07-07,XRP,7,3989,127,420,186,3.91546307780967,55723063839.0,99987471767.0,100000000000.0,XRP,0.43048066643047694,554937142.0,23987701656.0,0.9926,0.9596,0.907,0.868,0.6898,0.9103,15,7,7,July,2024
15:18:42,2024-07-07,XRP,7,3989,127,420,186,3.91546307780967,55723063839.0,99987471767.0,100000000000.0,XRP,0.43044160171673956,554937656.0,23985524851.0,0.9925,0.9595,0.9069,0.8679,0.6897,0.9102,15,7,7,July,2024
15:19:05,2024-07-07,XRP,7,3989,127,420,186,3.91546307780967,55723063839.0,99987471767.0,100000000000.0,XRP,0.43042009287703414,555181358.0,23984326312.0,0.9924,0.9594,0.9068,0.8679,0.6897,0.9102,15,7,7,July,2024
15:19:28,2024-07-07,XRP,7,3989,127,420,186,3.91546307780967,55723063839.0,99987471767.0,100000000000.0,XRP,0.4303858966645647,555081534.0,23982420795.0,0.9923,0.9594,0.9068,0.8678,0.6896,0.9101,15,7,7,July,2024
15:19:51,2024-07-07,XRP,7,3989,127,420,186,3.91546307780967,55723063839.0,99987471767.0,100000000000.0,XRP,0.4303929909248734,555075881.0,23982816109.0,0.9924,0.9594,0.9068,0.8678,0.6896,0.9101,15,7,7,July,2024
15:20:19,2024-07-07,XRP,7,3989,127,420,186,3.91546307780967,55723063839.0,99987471767.0,100000000000.0,XRP,0.430341320628414,554902861.0,23979936881.0,0.9922,0.9593,0.9067,0.8677,0.6896,0.91,15,7,7,July,2024
15:20:42,2024-07-07,XRP,7,3989,127,420,186,3.91546307780967,55723063839.0,99987471767.0,100000000000.0,XRP,0.4303490192945384,554594955.0,23980365875.0,0.9923,0.9593,0.9067,0.8677,0.6896,0.91,15,7,7,July,2024
15:21:02,2024-07-07,XRP,7,3989,127,420,186,3.91546307780967,55723063839.0,99987471767.0,100000000000.0,XRP,0.43034111220519056,554492962.0,23979925267.0,0.9922,0.9593,0.9067,0.8677,0.6896,0.91,15,7,7,July,2024
15:21:23,2024-07-07,XRP,7,3989,127,420,186,3.91546307780967,55723063839.0,99987471767.0,100000000000.0,XRP,0.43034476837467406,554291919.0,23980129000.0,0.9931,0.958,0.9068,0.8669,0.6891,0.9106,15,7,7,July,2024
15:21:46,2024-07-07,XRP,7,3989,127,420,186,3.91546307780967,55723063839.0,99987471767.0,100000000000.0,XRP,0.4302402329056026,553876658.0,23974303964.0,0.9929,0.9577,0.9066,0.8666,0.6889,0.9104,15,7,7,July,2024
15:22:08,2024-07-07,XRP,7,3989,127,420,186,3.91546307780967,55723063839.0,99987471767.0,100000000000.0,XRP,0.43017039080267905,553471560.0,23970412148.0,0.9927,0.9576,0.9064,0.8665,0.6888,0.9102,15,7,7,July,2024
15:22:28,2024-07-07,XRP,7,3989,127,420,186,3.91546307780967,55723063839.0,99987471767.0,100000000000.0,XRP,0.4299005886474467,553070155.0,23955377945.0,0.9921,0.957,0.9058,0.866,0.6883,0.9096,15,7,7,July,2024
15:22:49,2024-07-07,XRP,7,3989,127,420,186,3.91546307780967,55723063839.0,99987471767.0,100000000000.0,XRP,0.4298910114451174,553065166.0,23954844274.0,0.9921,0.957,0.9058,0.8659,0.6883,0.9096,15,7,7,July,2024
15:23:10,2024-07-07,XRP,7,3989,127,420,186,3.91546307780967,55723063839.0,99987471767.0,100000000000.0,XRP,0.42983001041092006,552848636.0,23951445110.0,0.9919,0.9568,0.9057,0.8658,0.6882,0.9095,15,7,7,July,2024
15:24:40,2024-07-07,XRP,7,3989,127,420,186,3.91546307780967,55723063839.0,99987471767.0,100000000000.0,XRP,0.42944416009283615,552477486.0,23929944348.0,0.991,0.956,0.9049,0.865,0.6876,0.9087,15,7,7,July,2024
15:25:03,2024-07-07,XRP,7,3989,127,420,186,3.91546307780967,55723063839.0,99987471767.0,100000000000.0,XRP,0.42938458922451483,552415172.0,23926624876.0,0.9909,0.9558,0.9048,0.8649,0.6875,0.9085,15,7,7,July,2024
15:25:26,2024-07-07,XRP,7,3989,127,420,186,3.91546307780967,55723063839.0,99987471767.0,100000000000.0,XRP,0.4294014744611285,552146878.0,23927565773.0,0.9909,0.9559,0.9048,0.865,0.6875,0.9086,15,7,7,July,2024
15:25:48,2024-07-07,XRP,7,3989,127,420,186,3.91546307780967,55723063839.0,99987471767.0,100000000000.0,XRP,0.4293710912526506,552166063.0,23925872728.0,0.992,0.9559,0.9048,0.8645,0.6896,0.9127,15,7,7,July,2024
15:26:09,2024-07-07,XRP,7,3989,127,419,185,3.91546307780967,55723063839.0,99987471767.0,100000000000.0,XRP,0.4293556426289639,552329050.0,23925011883.0,0.9919,0.9558,0.9047,0.8645,0.6896,0.9127,15,7,7,July,2024
15:26:37,2024-07-07,XRP,7,3989,127,419,185,3.91546307780967,55723063839.0,99987471767.0,100000000000.0,XRP,0.42929803579032283,552362332.0,23921801854.0,0.9918,0.9557,0.9046,0.8644,0.6895,0.9126,15,7,7,July,2024
15:27:03,2024-07-07,XRP,7,3989,127,419,185,3.91546307780967,55723063839.0,99987471767.0,100000000000.0,XRP,0.42931086396594326,552291186.0,23922516679.0,0.9918,0.9557,0.9047,0.8644,0.6895,0.9126,15,7,7,July,2024
15:27:25,2024-07-07,XRP,7,3989,127,419,185,3.91546307780967,55723063839.0,99987471767.0,100000000000.0,XRP,0.42929545930710034,552116705.0,23921658284.0,0.9918,0.9557,0.9046,0.8644,0.6895,0.9126,15,7,7,July,2024
15:27:48,2024-07-07,XRP,7,3989,127,419,185,3.91546307780967,55723063839.0,99987471767.0,100000000000.0,XRP,0.4292674410508524,552065035.0,23920097021.0,0.9917,0.9556,0.9046,0.8643,0.6895,0.9125,15,7,7,July,2024
15:28:58,2024-07-07,XRP,7,3989,127,419,185,3.91546307780967,55723063839.0,99987471767.0,100000000000.0,XRP,0.42931524094335693,551887682.0,23922760578.0,0.9918,0.9557,0.9047,0.8644,0.6895,0.9126,15,7,7,July,2024
15:29:22,2024-07-07,XRP,7,3989,127,419,185,3.91546307780967,55723063839.0,99987471767.0,100000000000.0,XRP,0.42944953646421197,552231451.0,23930243936.0,0.9921,0.956,0.9049,0.8647,0.6897,0.9129,15,7,7,July,2024
15:29:43,2024-07-07,XRP,7,3989,127,419,185,3.91546307780967,55723063839.0,99987471767.0,100000000000.0,XRP,0.429448718049208,552188364.0,23930198331.0,0.9921,0.956,0.9049,0.8647,0.6897,0.9129,15,7,7,July,2024
15:30:04,2024-07-07,XRP,7,3989,127,419,185,3.91546307780967,55723063839.0,99987471767.0,100000000000.0,XRP,0.4294988449525093,552238931.0,23932991556.0,0.9923,0.9561,0.905,0.8648,0.6898,0.913,15,7,7,July,2024
15:30:27,2024-07-07,XRP,7,3989,127,419,185,3.91546307780967,55723063839.0,99987471767.0,100000000000.0,XRP,0.42962230601126966,552373138.0,23939871184.0,0.9925,0.9564,0.9053,0.8651,0.69,0.9133,15,7,7,July,2024
15:30:55,2024-07-07,XRP,7,3989,127,419,185,3.91546307780967,55723063839.0,99987471767.0,100000000000.0,XRP,0.4296371909483599,552372699.0,23940700618.0,0.9934,0.9558,0.9049,0.8632,0.6906,0.9125,15,7,7,July,2024
15:31:15,2024-07-07,XRP,7,3989,127,419,185,3.91546307780967,55723063839.0,99987471767.0,100000000000.0,XRP,0.42964578637664913,552350068.0,23941179582.0,0.9934,0.9558,0.905,0.8632,0.6906,0.9125,15,7,7,July,2024
15:31:38,2024-07-07,XRP,7,3989,127,419,185,3.91546307780967,55723063839.0,99987471767.0,100000000000.0,XRP,0.429558959508737,552503656.0,23936341323.0,0.9932,0.9556,0.9048,0.863,0.6904,0.9123,15,7,7,July,2024
15:31:59,2024-07-07,XRP,7,3989,127,419,185,3.91546307780967,55723063839.0,99987471767.0,100000000000.0,XRP,0.42955902944979746,552399762.0,23936345220.0,0.9932,0.9556,0.9048,0.863,0.6904,0.9123,15,7,7,July,2024
15:32:22,2024-07-07,XRP,7,3989,127,419,185,3.91546307780967,55723063839.0,99987471767.0,100000000000.0,XRP,0.4295678747224483,552129160.0,23936838106.0,0.9932,0.9556,0.9048,0.863,0.6905,0.9124,15,7,7,July,2024
15:32:45,2024-07-07,XRP,7,3989,127,419,185,3.91546307780967,55723063839.0,99987471767.0,100000000000.0,XRP,0.42958154555040823,552130851.0,23937599886.0,0.9932,0.9556,0.9048,0.8631,0.6905,0.9124,15,7,7,July,2024
15:33:09,2024-07-07,XRP,7,3989,127,419,185,3.91546307780967,55723063839.0,99987471767.0,100000000000.0,XRP,0.42958958180523604,551913103.0,23938047691.0,0.9933,0.9557,0.9048,0.8631,0.6905,0.9124,15,7,7,July,2024
15:33:31,2024-07-07,XRP,7,3989,127,419,185,3.91546307780967,55723063839.0,99987471767.0,100000000000.0,XRP,0.42958953209131,551922881.0,23938044921.0,0.9933,0.9557,0.9048,0.8631,0.6905,0.9124,15,7,7,July,2024
15:33:59,2024-07-07,XRP,7,3989,127,419,185,3.91546307780967,55723063839.0,99987471767.0,100000000000.0,XRP,0.4296157514306001,551883758.0,23939505943.0,0.9933,0.9557,0.9049,0.8631,0.6905,0.9125,15,7,7,July,2024
15:34:18,2024-07-07,XRP,7,3989,127,419,185,3.91546307780967,55723063839.0,99987471767.0,100000000000.0,XRP,0.4295626781968866,551969582.0,23936548540.0,0.9932,0.9556,0.9048,0.863,0.6904,0.9123,15,7,7,July,2024
15:34:41,2024-07-07,XRP,7,3989,127,419,185,3.91546307780967,55723063839.0,99987471767.0,100000000000.0,XRP,0.4295681495853649,551877203.0,23936853422.0,0.9932,0.9556,0.9048,0.863,0.6905,0.9124,15,7,7,July,2024
15:35:05,2024-07-07,XRP,7,3989,127,419,185,3.91546307780967,55723063839.0,99987471767.0,100000000000.0,XRP,0.42956749301047886,551855716.0,23936816836.0,0.9932,0.9556,0.9048,0.863,0.6905,0.9124,15,7,7,July,2024
15:35:52,2024-07-07,XRP,7,3989,127,419,185,3.91546307780967,55723063839.0,99987471767.0,100000000000.0,XRP,0.4296659010566236,551674878.0,23942300434.0,0.9934,0.9558,0.905,0.8632,0.6906,0.9126,15,7,7,July,2024
15:36:13,2024-07-07,XRP,7,3989,127,419,185,3.91546307780967,55723063839.0,99987471767.0,100000000000.0,XRP,0.4296534536596027,551603126.0,23941606826.0,0.9937,0.9556,0.9049,0.8633,0.691,0.9126,15,7,7,July,2024
15:36:38,2024-07-07,XRP,7,3989,127,419,185,3.91546307780967,55723063839.0,99987471767.0,100000000000.0,XRP,0.4296538614130586,551307694.0,23941629548.0,0.9938,0.9556,0.9049,0.8633,0.691,0.9126,15,7,7,July,2024
15:36:58,2024-07-07,XRP,7,3989,127,419,185,3.91546307780967,55723063839.0,99987471767.0,100000000000.0,XRP,0.4296538614130586,551307694.0,23941629548.0,0.9938,0.9556,0.9049,0.8633,0.691,0.9126,15,7,7,July,2024
15:37:30,2024-07-07,XRP,7,3989,127,419,185,3.91546307780967,55723063839.0,99987471767.0,100000000000.0,XRP,0.42969638146997163,551163392.0,23943998896.0,0.9938,0.9557,0.905,0.8634,0.691,0.9127,15,7,7,July,2024
15:38:10,2024-07-07,XRP,7,3989,127,419,185,3.91546307780967,55723063839.0,99987471767.0,100000000000.0,XRP,0.42971082472366057,551049922.0,23944803718.0,0.9939,0.9557,0.905,0.8634,0.691,0.9127,15,7,7,July,2024
15:38:32,2024-07-07,XRP,7,3989,127,419,185,3.91546307780967,55723063839.0,99987471767.0,100000000000.0,XRP,0.42967034532705495,551162461.0,23942548082.0,0.9938,0.9557,0.905,0.8633,0.691,0.9126,15,7,7,July,2024
15:38:53,2024-07-07,XRP,7,3989,127,419,185,3.91546307780967,55723063839.0,99987471767.0,100000000000.0,XRP,0.42966660985125593,551091003.0,23942339930.0,0.9938,0.9556,0.905,0.8633,0.691,0.9126,15,7,7,July,2024
15:39:47,2024-07-07,XRP,7,3989,127,419,185,3.91546307780967,55723063839.0,99987471767.0,100000000000.0,XRP,0.42967577230349585,550815942.0,23942850490.0,0.9938,0.9557,0.905,0.8633,0.691,0.9126,15,7,7,July,2024
15:40:10,2024-07-07,XRP,7,3989,127,419,185,3.91546307780967,55723063839.0,99987471767.0,100000000000.0,XRP,0.42963541622919815,550859539.0,23940601726.0,0.9937,0.9556,0.9049,0.8632,0.6909,0.9126,15,7,7,July,2024
15:40:32,2024-07-07,XRP,7,3989,127,419,185,3.91546307780967,55723063839.0,99987471767.0,100000000000.0,XRP,0.4296693523786391,550889737.0,23942492752.0,0.9938,0.9557,0.905,0.8633,0.691,0.9126,15,7,7,July,2024
15:40:56,2024-07-07,XRP,7,3989,127,419,185,3.91546307780967,55723063839.0,99987471767.0,100000000000.0,XRP,0.4297131717528353,550941757.0,23944934502.0,0.9939,0.9558,0.9051,0.8634,0.691,0.9127,15,7,7,July,2024
15:41:23,2024-07-07,XRP,7,3989,127,419,185,3.91546307780967,55723063839.0,99987471767.0,100000000000.0,XRP,0.42973884209337143,550982743.0,23946364932.0,0.9947,0.9562,0.9051,0.8619,0.6897,0.9116,15,7,7,July,2024
15:41:45,2024-07-07,XRP,7,3989,127,419,185,3.91546307780967,55723063839.0,99987471767.0,100000000000.0,XRP,0.4297410177822187,551021127.0,23946486168.0,0.9947,0.9562,0.9051,0.8619,0.6897,0.9116,15,7,7,July,2024
15:42:08,2024-07-07,XRP,7,3989,127,419,185,3.91546307780967,55723063839.0,99987471767.0,100000000000.0,XRP,0.42976780474361875,550892606.0,23947978819.0,0.9948,0.9562,0.9051,0.862,0.6898,0.9116,15,7,7,July,2024
15:42:29,2024-07-07,XRP,7,3989,127,419,185,3.91546307780967,55723063839.0,99987471767.0,100000000000.0,XRP,0.4298112285223162,550944472.0,23950398525.0,0.9949,0.9563,0.9052,0.862,0.6898,0.9117,15,7,7,July,2024
15:42:52,2024-07-07,XRP,7,3989,127,419,185,3.91546307780967,55723063839.0,99987471767.0,100000000000.0,XRP,0.42978791692658647,550885403.0,23949099532.0,0.9949,0.9563,0.9052,0.862,0.6898,0.9117,15,7,7,July,2024
15:43:15,2024-07-07,XRP,7,3989,127,419,185,3.91546307780967,55723063839.0,99987471767.0,100000000000.0,XRP,0.4298721762452763,551013069.0,23953794719.0,0.995,0.9565,0.9054,0.8622,0.6899,0.9119,15,7,7,July,2024
15:43:35,2024-07-07,XRP,7,3989,127,419,185,3.91546307780967,55723063839.0,99987471767.0,100000000000.0,XRP,0.42988298601285707,551010549.0,23954397072.0,0.9951,0.9565,0.9054,0.8622,0.69,0.9119,15,7,7,July,2024
15:43:58,2024-07-07,XRP,7,3989,127,419,185,3.91546307780967,55723063839.0,99987471767.0,100000000000.0,XRP,0.4299202372443828,550957047.0,23956472825.0,0.9952,0.9566,0.9055,0.8623,0.69,0.912,15,7,7,July,2024
15:44:31,2024-07-07,XRP,7,3989,127,419,185,3.91546307780967,55723063839.0,99987471767.0,100000000000.0,XRP,0.42984500693181404,550766892.0,23952280762.0,0.995,0.9564,0.9053,0.8621,0.6899,0.9118,15,7,7,July,2024
15:44:58,2024-07-07,XRP,7,3989,127,419,185,3.91546307780967,55723063839.0,99987471767.0,100000000000.0,XRP,0.42985265441259213,550728749.0,23952706903.0,0.995,0.9564,0.9053,0.8621,0.6899,0.9118,15,7,7,July,2024
15:45:19,2024-07-07,XRP,7,3989,127,419,185,3.91546307780967,55723063839.0,99987471767.0,100000000000.0,XRP,0.4298379549846208,550782757.0,23951887806.0,0.995,0.9564,0.9053,0.8621,0.6899,0.9118,15,7,7,July,2024
15:45:47,2024-07-07,XRP,7,3989,127,419,185,3.91546307780967,55723063839.0,99987471767.0,100000000000.0,XRP,0.4297925374146506,550601416.0,23949356999.0,0.9951,0.9567,0.905,0.8616,0.6894,0.9104,15,7,7,July,2024
15:46:10,2024-07-07,XRP,7,3989,127,418,184,3.91546307780967,55723063839.0,99987471767.0,100000000000.0,XRP,0.4298019105926889,550310532.0,23949879302.0,0.9951,0.9568,0.905,0.8617,0.6894,0.9105,15,7,7,July,2024
15:46:29,2024-07-07,XRP,7,3989,127,418,184,3.91546307780967,55723063839.0,99987471767.0,100000000000.0,XRP,0.4298451316300953,550254104.0,23952287710.0,0.9952,0.9569,0.9051,0.8617,0.6895,0.9106,15,7,7,July,2024
15:46:50,2024-07-07,XRP,7,3989,127,418,184,3.91546307780967,55723063839.0,99987471767.0,100000000000.0,XRP,0.42986723499972523,550423848.0,23953519378.0,0.9952,0.9569,0.9052,0.8618,0.6895,0.9106,15,7,7,July,2024
15:47:12,2024-07-07,XRP,7,3989,127,418,184,3.91546307780967,55723063839.0,99987471767.0,100000000000.0,XRP,0.4299073147155075,550333809.0,23955752742.0,0.9953,0.957,0.9052,0.8619,0.6896,0.9107,15,7,7,July,2024
15:47:39,2024-07-07,XRP,7,3989,127,418,184,3.91546307780967,55723063839.0,99987471767.0,100000000000.0,XRP,0.42992802320012313,550216168.0,23956906682.0,0.9954,0.957,0.9053,0.8619,0.6896,0.9107,15,7,7,July,2024
15:48:01,2024-07-07,XRP,7,3989,127,418,184,3.91546307780967,55723063839.0,99987471767.0,100000000000.0,XRP,0.4299270233796825,550184027.0,23956850969.0,0.9954,0.957,0.9053,0.8619,0.6896,0.9107,15,7,7,July,2024
15:48:20,2024-07-07,XRP,7,3989,127,418,184,3.91546307780967,55723063839.0,99987471767.0,100000000000.0,XRP,0.4299628939082253,550250509.0,23958849785.0,0.9954,0.9571,0.9054,0.862,0.6897,0.9108,15,7,7,July,2024
15:48:45,2024-07-07,XRP,7,3989,127,418,184,3.91546307780967,55723063839.0,99987471767.0,100000000000.0,XRP,0.4301003847498028,549274381.0,23966511196.0,0.9958,0.9574,0.9057,0.8623,0.6899,0.9111,15,7,7,July,2024
15:49:11,2024-07-07,XRP,7,3989,127,418,184,3.91546307780967,55723063839.0,99987471767.0,100000000000.0,XRP,0.4301061288511544,548996514.0,23966831275.0,0.9958,0.9574,0.9057,0.8623,0.6899,0.9111,15,7,7,July,2024
15:49:31,2024-07-07,XRP,7,3989,127,418,184,3.91546307780967,55723063839.0,99987471767.0,100000000000.0,XRP,0.43014141745406537,548717522.0,23968797664.0,0.9959,0.9575,0.9057,0.8623,0.69,0.9112,15,7,7,July,2024
15:49:54,2024-07-07,XRP,7,3989,127,418,184,3.91546307780967,55723063839.0,99987471767.0,100000000000.0,XRP,0.43012436080426053,548678864.0,23967847215.0,0.9958,0.9575,0.9057,0.8623,0.6899,0.9111,15,7,7,July,2024
15:50:17,2024-07-07,XRP,7,3989,127,418,184,3.91546307780967,55723063839.0,99987471767.0,100000000000.0,XRP,0.4300931350653549,548530244.0,23966107221.0,0.9957,0.9574,0.9056,0.8622,0.6899,0.9111,15,7,7,July,2024
15:50:39,2024-07-07,XRP,7,3989,127,418,184,3.91546307780967,55723063839.0,99987471767.0,100000000000.0,XRP,0.4300648108646511,548543815.0,23964528910.0,0.9957,0.9574,0.9056,0.8622,0.6898,0.911,15,7,7,July,2024
15:50:59,2024-07-07,XRP,7,3989,127,418,184,3.91546307780967,55723063839.0,99987471767.0,100000000000.0,XRP,0.4300643593263468,548471424.0,23964503749.0,0.997,0.9589,0.9055,0.8618,0.6899,0.9092,15,7,7,July,2024
15:51:20,2024-07-07,XRP,7,3989,127,418,184,3.91546307780967,55723063839.0,99987471767.0,100000000000.0,XRP,0.43005014407478453,548390018.0,23963711632.0,0.997,0.9589,0.9055,0.8618,0.6899,0.9092,15,7,7,July,2024
15:51:48,2024-07-07,XRP,7,3989,127,418,184,3.91546307780967,55723063839.0,99987471767.0,100000000000.0,XRP,0.42993382385284323,547578609.0,23957229913.0,0.9967,0.9586,0.9052,0.8616,0.6897,0.909,15,7,7,July,2024
15:52:07,2024-07-07,XRP,7,3989,127,418,184,3.91546307780967,55723063839.0,99987471767.0,100000000000.0,XRP,0.42989793260042036,547423794.0,23955229942.0,0.9966,0.9586,0.9052,0.8615,0.6897,0.9089,15,7,7,July,2024
15:52:31,2024-07-07,XRP,7,3989,127,418,184,3.91546307780967,55723063839.0,99987471767.0,100000000000.0,XRP,0.42991432430743093,547440840.0,23956143338.0,0.9967,0.9586,0.9052,0.8615,0.6897,0.9089,15,7,7,July,2024
15:52:51,2024-07-07,XRP,7,3989,127,418,184,3.91546307780967,55723063839.0,99987471767.0,100000000000.0,XRP,0.4299375370995047,547512275.0,23957436826.0,0.9967,0.9586,0.9052,0.8616,0.6897,0.909,15,7,7,July,2024
15:53:14,2024-07-07,XRP,7,3989,127,418,184,3.91546307780967,55723063839.0,99987471767.0,100000000000.0,XRP,0.4299375370995047,547512275.0,23957436826.0,0.9967,0.9586,0.9052,0.8616,0.6897,0.909,15,7,7,July,2024
15:53:35,2024-07-07,XRP,7,3989,127,418,184,3.91546307780967,55723063839.0,99987471767.0,100000000000.0,XRP,0.4299375370536528,547281440.0,23957436824.0,0.9967,0.9586,0.9052,0.8616,0.6897,0.909,15,7,7,July,2024
15:53:54,2024-07-07,XRP,7,3989,127,418,184,3.91546307780967,55723063839.0,99987471767.0,100000000000.0,XRP,0.4299375370445165,547232603.0,23957436823.0,0.9967,0.9586,0.9052,0.8616,0.6897,0.909,15,7,7,July,2024
15:54:19,2024-07-07,XRP,7,3989,127,418,184,3.91546307780967,55723063839.0,99987471767.0,100000000000.0,XRP,0.4299614269524787,547144287.0,23958768042.0,0.9968,0.9587,0.9053,0.8616,0.6898,0.909,15,7,7,July,2024
15:54:39,2024-07-07,XRP,7,3989,127,418,184,3.91546307780967,55723063839.0,99987471767.0,100000000000.0,XRP,0.42998081315121545,547283354.0,23959848300.0,0.9968,0.9587,0.9053,0.8617,0.6898,0.909,15,7,7,July,2024
15:55:01,2024-07-07,XRP,7,3989,127,418,184,3.91546307780967,55723063839.0,99987471767.0,100000000000.0,XRP,0.4299849503884416,547305560.0,23960078840.0,0.9968,0.9587,0.9053,0.8617,0.6898,0.9091,15,7,7,July,2024
15:55:21,2024-07-07,XRP,7,3989,127,418,184,3.91546307780967,55723063839.0,99987471767.0,100000000000.0,XRP,0.429983447962486,547376649.0,23959995120.0,0.9968,0.9587,0.9053,0.8617,0.6898,0.9091,15,7,7,July,2024
15:55:42,2024-07-07,XRP,7,3989,127,418,184,3.91546307780967,55723063839.0,99987471767.0,100000000000.0,XRP,0.430056430025965,547514962.0,23964061904.0,0.9974,0.9582,0.9059,0.8625,0.6893,0.9097,15,7,7,July,2024
15:56:05,2024-07-07,XRP,7,3989,127,418,184,3.91546307780967,55723063839.0,99987471767.0,100000000000.0,XRP,0.43011973035238554,548053147.0,23967589192.0,0.9976,0.9583,0.906,0.8626,0.6894,0.9098,15,7,7,July,2024
15:56:29,2024-07-07,XRP,7,3989,127,418,184,3.91546307780967,55723063839.0,99987471767.0,100000000000.0,XRP,0.4301244755210104,547925767.0,23967853608.0,0.9976,0.9584,0.906,0.8626,0.6894,0.9098,15,7,7,July,2024
15:56:52,2024-07-07,XRP,7,3989,127,417,183,3.91546307780967,55723063839.0,99987471767.0,100000000000.0,XRP,0.43048539029737376,550026999.0,23987964885.0,0.9984,0.9592,0.9068,0.8634,0.69,0.9106,15,7,7,July,2024
15:57:15,2024-07-07,XRP,7,3989,127,417,183,3.91546307780967,55723063839.0,99987471767.0,100000000000.0,XRP,0.43053383507791193,550265353.0,23990664376.0,0.9985,0.9593,0.9069,0.8635,0.6901,0.9107,15,7,7,July,2024
15:57:37,2024-07-07,XRP,7,3989,127,417,183,3.91546307780967,55723063839.0,99987471767.0,100000000000.0,XRP,0.4304936862692546,550077794.0,23988427162.0,0.9984,0.9592,0.9068,0.8634,0.69,0.9106,15,7,7,July,2024
15:57:59,2024-07-07,XRP,7,3989,127,417,183,3.91546307780967,55723063839.0,99987471767.0,100000000000.0,XRP,0.4303818111639122,550072098.0,23982193138.0,0.9982,0.9589,0.9066,0.8632,0.6898,0.9104,15,7,7,July,2024
15:58:22,2024-07-07,XRP,7,3989,127,417,183,3.91546307780967,55723063839.0,99987471767.0,100000000000.0,XRP,0.4303905361221476,550013033.0,23982679320.0,0.9982,0.9589,0.9066,0.8632,0.6898,0.9104,15,7,7,July,2024
15:58:43,2024-07-07,XRP,7,3989,127,417,183,3.91546307780967,55723063839.0,99987471767.0,100000000000.0,XRP,0.4304101970619661,550010268.0,23983774887.0,0.9982,0.959,0.9066,0.8632,0.6899,0.9104,15,7,7,July,2024
15:59:05,2024-07-07,XRP,7,3989,127,417,183,3.91546307780967,55723063839.0,99987471767.0,100000000000.0,XRP,0.43048689195185613,550165269.0,23988048562.0,0.9984,0.9592,0.9068,0.8634,0.69,0.9106,15,7,7,July,2024
15:59:29,2024-07-07,XRP,7,3989,127,417,183,3.91546307780967,55723063839.0,99987471767.0,100000000000.0,XRP,0.4304903619628447,550045616.0,23988241921.0,0.9984,0.9592,0.9068,0.8634,0.69,0.9106,15,7,7,July,2024
15:59:49,2024-07-07,XRP,7,3989,127,417,183,3.91546307780967,55723063839.0,99987471767.0,100000000000.0,XRP,0.43048012753928255,550015443.0,23987671628.0,0.9984,0.9591,0.9068,0.8633,0.69,0.9106,15,7,7,July,2024
16:00:12,2024-07-07,XRP,7,3989,127,417,183,3.91546307780967,55723063839.0,99987471767.0,100000000000.0,XRP,0.4305338342714474,551618306.0,23990664331.0,0.9985,0.9593,0.9069,0.8635,0.6901,0.9107,16,7,7,July,2024
16:00:31,2024-07-07,XRP,7,3989,127,418,184,3.91546307780967,55723063839.0,99987471767.0,100000000000.0,XRP,0.43053426993958926,551517225.0,23990688608.0,0.9985,0.9593,0.9069,0.8635,0.6901,0.9107,16,7,7,July,2024
16:00:55,2024-07-07,XRP,7,3989,127,418,184,3.91546307780967,55723063839.0,99987471767.0,100000000000.0,XRP,0.43055479616882414,551510213.0,23991832393.0,0.9981,0.9589,0.9069,0.8637,0.6902,0.9118,16,7,7,July,2024
16:01:19,2024-07-07,XRP,7,3989,127,418,184,3.91546307780967,55723063839.0,99987471767.0,100000000000.0,XRP,0.430567842860545,551350504.0,23992559394.0,0.9981,0.959,0.9069,0.8637,0.6902,0.9118,16,7,7,July,2024
16:01:41,2024-07-07,XRP,7,3989,127,418,184,3.91546307780967,55723063839.0,99987471767.0,100000000000.0,XRP,0.43055250863366373,551146577.0,23991704924.0,0.9981,0.9589,0.9069,0.8637,0.6902,0.9118,16,7,7,July,2024
16:02:10,2024-07-07,XRP,7,3989,127,418,184,3.91546307780967,55723063839.0,99987471767.0,100000000000.0,XRP,0.43059796691526686,550597139.0,23994237999.0,0.9982,0.959,0.907,0.8638,0.6903,0.9119,16,7,7,July,2024
16:02:41,2024-07-07,XRP,7,3989,127,418,184,3.91546307780967,55723063839.0,99987471767.0,100000000000.0,XRP,0.43059946115654973,550534499.0,23994321263.0,0.9982,0.959,0.907,0.8638,0.6903,0.9119,16,7,7,July,2024
16:03:27,2024-07-07,XRP,7,3989,127,418,184,3.91546307780967,55723063839.0,99987471767.0,100000000000.0,XRP,0.43069200137264513,550697116.0,23999477887.0,0.9984,0.9593,0.9072,0.864,0.6904,0.9121,16,7,7,July,2024
16:04:09,2024-07-07,XRP,7,3989,127,418,184,3.91546307780967,55723063839.0,99987471767.0,100000000000.0,XRP,0.43077324964351404,550910614.0,24004005290.0,0.9986,0.9594,0.9074,0.8641,0.6906,0.9122,16,7,7,July,2024
16:04:42,2024-07-07,XRP,7,3989,127,418,184,3.91546307780967,55723063839.0,99987471767.0,100000000000.0,XRP,0.4307687265214879,550937801.0,24003753247.0,0.9986,0.9594,0.9074,0.8641,0.6906,0.9122,16,7,7,July,2024
16:05:09,2024-07-07,XRP,7,3989,127,418,184,3.91546307780967,55723063839.0,99987471767.0,100000000000.0,XRP,0.43067356658042977,551169296.0,23998450644.0,0.9983,0.9592,0.9072,0.8639,0.6904,0.912,16,7,7,July,2024
16:05:42,2024-07-07,XRP,7,3989,127,418,184,3.91546307780967,55723063839.0,99987471767.0,100000000000.0,XRP,0.4307147258339484,551149299.0,24000744164.0,0.9984,0.9593,0.9072,0.864,0.6905,0.9121,16,7,7,July,2024
16:06:05,2024-07-07,XRP,7,3989,127,418,184,3.91546307780967,55723063839.0,99987471767.0,100000000000.0,XRP,0.43070020573179546,551071425.0,23999935059.0,0.9999,0.9597,0.907,0.8653,0.6904,0.9121,16,7,7,July,2024
16:06:34,2024-07-07,XRP,7,3989,127,418,184,3.91546307780967,55723063839.0,99987471767.0,100000000000.0,XRP,0.43070540808120067,551008858.0,24000224950.0,0.9999,0.9598,0.907,0.8653,0.6904,0.9121,16,7,7,July,2024
16:06:56,2024-07-07,XRP,7,3989,127,418,184,3.91546307780967,55723063839.0,99987471767.0,100000000000.0,XRP,0.43067328289070655,551101723.0,23998434836.0,0.9998,0.9597,0.9069,0.8653,0.6903,0.912,16,7,7,July,2024
16:07:20,2024-07-07,XRP,7,3989,127,418,184,3.91546307780967,55723063839.0,99987471767.0,100000000000.0,XRP,0.4306787246236485,550926679.0,23998738066.0,0.9998,0.9597,0.9069,0.8653,0.6904,0.912,16,7,7,July,2024
16:07:39,2024-07-07,XRP,7,3989,127,418,184,3.91546307780967,55723063839.0,99987471767.0,100000000000.0,XRP,0.4307194777665732,550922232.0,24001008956.0,0.9999,0.9598,0.907,0.8654,0.6904,0.9121,16,7,7,July,2024
16:08:07,2024-07-07,XRP,7,3989,127,418,184,3.91546307780967,55723063839.0,99987471767.0,100000000000.0,XRP,0.43072015713006256,550823228.0,24001046812.0,0.9999,0.9598,0.907,0.8654,0.6904,0.9121,16,7,7,July,2024
16:08:25,2024-07-07,XRP,7,3989,127,418,184,3.91546307780967,55723063839.0,99987471767.0,100000000000.0,XRP,0.43072319289213973,551035393.0,24001215974.0,0.9999,0.9598,0.907,0.8654,0.6904,0.9121,16,7,7,July,2024
16:08:46,2024-07-07,XRP,7,3989,127,418,184,3.91546307780967,55723063839.0,99987471767.0,100000000000.0,XRP,0.43076490490840613,551101781.0,24003540295.0,1.0,0.9599,0.9071,0.8655,0.6905,0.9122,16,7,7,July,2024
16:09:06,2024-07-07,XRP,7,3989,127,418,184,3.91546307780967,55723063839.0,99987471767.0,100000000000.0,XRP,0.43083308540254667,551067843.0,24007339521.0,1.0002,0.96,0.9073,0.8656,0.6906,0.9124,16,7,7,July,2024
16:09:29,2024-07-07,XRP,7,3989,127,418,184,3.91546307780967,55723063839.0,99987471767.0,100000000000.0,XRP,0.43083743949580167,550989113.0,24007582145.0,1.0002,0.96,0.9073,0.8656,0.6906,0.9124,16,7,7,July,2024
16:09:53,2024-07-07,XRP,7,3989,127,418,184,3.91546307780967,55723063839.0,99987471767.0,100000000000.0,XRP,0.43093715519271886,551103796.0,24013138609.0,1.0004,0.9603,0.9075,0.8658,0.6908,0.9126,16,7,7,July,2024
16:10:14,2024-07-07,XRP,7,3989,127,418,184,3.91546307780967,55723063839.0,99987471767.0,100000000000.0,XRP,0.4309656360498427,551452504.0,24014725650.0,1.0005,0.9603,0.9076,0.8659,0.6908,0.9127,16,7,7,July,2024
16:10:38,2024-07-07,XRP,7,3989,127,418,184,3.91546307780967,55723063839.0,99987471767.0,100000000000.0,XRP,0.43096589464707274,551309292.0,24014740059.0,1.0005,0.9603,0.9076,0.8659,0.6908,0.9127,16,7,7,July,2024
16:11:01,2024-07-07,XRP,7,3989,127,418,184,3.91546307780967,55723063839.0,99987471767.0,100000000000.0,XRP,0.4311677272462123,551550562.0,24025986790.0,1.001,0.9608,0.908,0.8663,0.6911,0.9131,16,7,7,July,2024
16:11:24,2024-07-07,XRP,7,3989,127,418,184,3.91546307780967,55723063839.0,99987471767.0,100000000000.0,XRP,0.4311649428482559,551072392.0,24025831635.0,1.0022,0.9614,0.9076,0.8668,0.6908,0.9109,16,7,7,July,2024
16:11:45,2024-07-07,XRP,7,3989,127,418,184,3.91546307780967,55723063839.0,99987471767.0,100000000000.0,XRP,0.43113543670412224,551065375.0,24024187462.0,1.0021,0.9613,0.9075,0.8667,0.6908,0.9108,16,7,7,July,2024
16:12:07,2024-07-07,XRP,7,3989,127,418,184,3.91546307780967,55723063839.0,99987471767.0,100000000000.0,XRP,0.43114498020969777,551109687.0,24024719256.0,1.0021,0.9614,0.9075,0.8668,0.6908,0.9108,16,7,7,July,2024
16:12:41,2024-07-07,XRP,7,3989,127,418,184,3.91546307780967,55723063839.0,99987471767.0,100000000000.0,XRP,0.43114537969174965,550932853.0,24024741516.0,1.0021,0.9614,0.9075,0.8668,0.6908,0.9108,16,7,7,July,2024
16:13:04,2024-07-07,XRP,7,3989,127,418,184,3.91546307780967,55723063839.0,99987471767.0,100000000000.0,XRP,0.43122871301705934,550932567.0,24029385104.0,1.0023,0.9615,0.9077,0.8669,0.6909,0.911,16,7,7,July,2024
16:13:29,2024-07-07,XRP,7,3989,127,418,184,3.91546307780967,55723063839.0,99987471767.0,100000000000.0,XRP,0.43123080756918536,550792032.0,24029501819.0,1.0023,0.9615,0.9077,0.8669,0.6909,0.911,16,7,7,July,2024
16:13:49,2024-07-07,XRP,7,3989,127,418,184,3.91546307780967,55723063839.0,99987471767.0,100000000000.0,XRP,0.43126840934208,550845343.0,24031597105.0,1.0024,0.9616,0.9078,0.867,0.691,0.9111,16,7,7,July,2024
16:14:12,2024-07-07,XRP,7,3989,127,418,184,3.91546307780967,55723063839.0,99987471767.0,100000000000.0,XRP,0.4312638692330073,550424307.0,24031344116.0,1.0024,0.9616,0.9078,0.867,0.691,0.9111,16,7,7,July,2024
16:14:32,2024-07-07,XRP,7,3989,127,418,184,3.91546307780967,55723063839.0,99987471767.0,100000000000.0,XRP,0.431265008363157,550341565.0,24031407592.0,1.0024,0.9616,0.9078,0.867,0.691,0.9111,16,7,7,July,2024
16:14:55,2024-07-07,XRP,7,3989,127,418,184,3.91546307780967,55723063839.0,99987471767.0,100000000000.0,XRP,0.43141398011657617,550559497.0,24039708755.0,1.0027,0.962,0.9081,0.8673,0.6912,0.9114,16,7,7,July,2024
16:15:20,2024-07-07,XRP,7,3989,127,418,184,3.91546307780967,55723063839.0,99987471767.0,100000000000.0,XRP,0.43144876480333727,550760696.0,24041647064.0,1.0028,0.962,0.9082,0.8674,0.6913,0.9115,16,7,7,July,2024
16:15:41,2024-07-07,XRP,7,3989,127,418,184,3.91546307780967,55723063839.0,99987471767.0,100000000000.0,XRP,0.4314679906230261,550649808.0,24042718385.0,1.0029,0.9621,0.9082,0.8674,0.6913,0.9115,16,7,7,July,2024
16:16:09,2024-07-07,XRP,7,3989,127,418,184,3.91546307780967,55723063839.0,99987471767.0,100000000000.0,XRP,0.4313160814493996,550439282.0,24034253541.0,1.0025,0.9617,0.9079,0.8671,0.6911,0.9112,16,7,7,July,2024
16:16:33,2024-07-07,XRP,7,3989,127,418,184,3.91546307780967,55723063839.0,99987471767.0,100000000000.0,XRP,0.43132238216079766,550068050.0,24034604636.0,1.0019,0.9622,0.9077,0.8708,0.6918,0.9116,16,7,7,July,2024
16:16:55,2024-07-07,XRP,7,3989,127,418,184,3.91546307780967,55723063839.0,99987471767.0,100000000000.0,XRP,0.43159447539449014,550439498.0,24049766504.0,1.0026,0.9628,0.9083,0.8713,0.6923,0.9122,16,7,7,July,2024
16:17:14,2024-07-07,XRP,7,3989,127,418,184,3.91546307780967,55723063839.0,99987471767.0,100000000000.0,XRP,0.43160341047102463,550150237.0,24050264394.0,1.0026,0.9628,0.9083,0.8713,0.6923,0.9122,16,7,7,July,2024
16:17:37,2024-07-07,XRP,7,3989,127,418,184,3.91546307780967,55723063839.0,99987471767.0,100000000000.0,XRP,0.4316155520638092,550035284.0,24050940961.0,1.0026,0.9628,0.9083,0.8714,0.6923,0.9122,16,7,7,July,2024
16:18:02,2024-07-07,XRP,7,3989,127,418,184,3.91546307780967,55723063839.0,99987471767.0,100000000000.0,XRP,0.43175001272795965,550258985.0,24058433521.0,1.0029,0.9631,0.9086,0.8716,0.6925,0.9125,16,7,7,July,2024
16:18:22,2024-07-07,XRP,7,3989,127,418,184,3.91546307780967,55723063839.0,99987471767.0,100000000000.0,XRP,0.43175601692264176,550285024.0,24058768093.0,1.0029,0.9631,0.9086,0.8716,0.6925,0.9125,16,7,7,July,2024
16:18:46,2024-07-07,XRP,7,3989,127,418,184,3.91546307780967,55723063839.0,99987471767.0,100000000000.0,XRP,0.4319172724667942,550450464.0,24067753746.0,1.0033,0.9635,0.909,0.872,0.6928,0.9128,16,7,7,July,2024
16:19:07,2024-07-07,XRP,7,3989,127,418,184,3.91546307780967,55723063839.0,99987471767.0,100000000000.0,XRP,0.4319953026063125,550580121.0,24072101825.0,1.0035,0.9637,0.9091,0.8721,0.6929,0.913,16,7,7,July,2024
16:19:28,2024-07-07,XRP,7,3989,127,418,184,3.91546307780967,55723063839.0,99987471767.0,100000000000.0,XRP,0.43199568240716396,550519931.0,24072122988.0,1.0035,0.9637,0.9091,0.8721,0.6929,0.913,16,7,7,July,2024
16:19:51,2024-07-07,XRP,7,3989,127,418,184,3.91546307780967,55723063839.0,99987471767.0,100000000000.0,XRP,0.4319157621735057,550607583.0,24067669588.0,1.0033,0.9635,0.909,0.872,0.6928,0.9128,16,7,7,July,2024
16:20:16,2024-07-07,XRP,7,3989,127,418,184,3.91546307780967,55723063839.0,99987471767.0,100000000000.0,XRP,0.43196000878864366,550707016.0,24070135145.0,1.0034,0.9636,0.909,0.8721,0.6929,0.9129,16,7,7,July,2024
16:20:42,2024-07-07,XRP,7,3989,127,418,184,3.91546307780967,55723063839.0,99987471767.0,100000000000.0,XRP,0.4319597260700626,550613481.0,24070119391.0,1.0036,0.9631,0.9089,0.8708,0.6946,0.915,16,7,7,July,2024
16:21:03,2024-07-07,XRP,7,3989,127,418,184,3.91546307780967,55723063839.0,99987471767.0,100000000000.0,XRP,0.4318587951666539,550458079.0,24064495212.0,1.0034,0.9629,0.9087,0.8706,0.6944,0.9148,16,7,7,July,2024
16:21:24,2024-07-07,XRP,7,3989,127,418,184,3.91546307780967,55723063839.0,99987471767.0,100000000000.0,XRP,0.43186473186733865,550538044.0,24064826023.0,1.0034,0.9629,0.9087,0.8706,0.6944,0.9148,16,7,7,July,2024
16:21:52,2024-07-07,XRP,7,3989,127,419,185,3.91546307780967,55723063839.0,99987471767.0,100000000000.0,XRP,0.431715687018048,550488652.0,24056520788.0,1.003,0.9626,0.9084,0.8703,0.6942,0.9144,16,7,7,July,2024
16:22:14,2024-07-07,XRP,7,3989,127,419,185,3.91546307780967,55723063839.0,99987471767.0,100000000000.0,XRP,0.43169893037711754,550249365.0,24055587056.0,1.003,0.9625,0.9083,0.8703,0.6942,0.9144,16,7,7,July,2024
16:22:38,2024-07-07,XRP,7,3989,127,419,185,3.91546307780967,55723063839.0,99987471767.0,100000000000.0,XRP,0.43170215828507286,550137255.0,24055766925.0,1.003,0.9625,0.9083,0.8703,0.6942,0.9144,16,7,7,July,2024
16:23:01,2024-07-07,XRP,7,3989,127,419,185,3.91546307780967,55723063839.0,99987471767.0,100000000000.0,XRP,0.4316148022881821,550193411.0,24050899181.0,1.0028,0.9623,0.9082,0.8701,0.694,0.9142,16,7,7,July,2024
16:23:24,2024-07-07,XRP,7,3989,127,419,185,3.91546307780967,55723063839.0,99987471767.0,100000000000.0,XRP,0.4316207188029546,550205214.0,24051228868.0,1.0028,0.9623,0.9082,0.8701,0.694,0.9142,16,7,7,July,2024
16:23:43,2024-07-07,XRP,7,3989,127,419,185,3.91546307780967,55723063839.0,99987471767.0,100000000000.0,XRP,0.4316113745964523,550104353.0,24050708180.0,1.0028,0.9623,0.9082,0.8701,0.694,0.9142,16,7,7,July,2024
16:24:05,2024-07-07,XRP,7,3989,127,419,185,3.91546307780967,55723063839.0,99987471767.0,100000000000.0,XRP,0.431705864691142,550276290.0,24055973457.0,1.003,0.9625,0.9084,0.8703,0.6942,0.9144,16,7,7,July,2024
16:24:28,2024-07-07,XRP,7,3989,127,419,185,3.91546307780967,55723063839.0,99987471767.0,100000000000.0,XRP,0.43171059084704166,549996820.0,24056236813.0,1.003,0.9625,0.9084,0.8703,0.6942,0.9144,16,7,7,July,2024
16:24:53,2024-07-07,XRP,7,3989,127,419,185,3.91546307780967,55723063839.0,99987471767.0,100000000000.0,XRP,0.43196262890414794,550353519.0,24070281146.0,1.0036,0.9631,0.9089,0.8708,0.6946,0.915,16,7,7,July,2024
16:25:15,2024-07-07,XRP,7,3989,127,419,185,3.91546307780967,55723063839.0,99987471767.0,100000000000.0,XRP,0.4319901378762788,550733097.0,24071814030.0,1.0037,0.9632,0.909,0.8709,0.6946,0.915,16,7,7,July,2024
16:25:39,2024-07-07,XRP,7,3989,127,419,185,3.91546307780967,55723063839.0,99987471767.0,100000000000.0,XRP,0.4319959775229769,550609497.0,24072139433.0,1.0037,0.9632,0.909,0.8709,0.6946,0.915,16,7,7,July,2024
16:26:02,2024-07-07,XRP,7,3989,127,419,185,3.91546307780967,55723063839.0,99987471767.0,100000000000.0,XRP,0.43221352082859643,550920621.0,24084261613.0,1.0065,0.964,0.9093,0.8701,0.6968,0.916,16,7,7,July,2024
16:26:36,2024-07-07,XRP,7,3989,127,419,185,3.91546307780967,55723063839.0,99987471767.0,100000000000.0,XRP,0.4322081313219771,550963244.0,24083961293.0,1.0065,0.964,0.9092,0.8701,0.6968,0.916,16,7,7,July,2024
16:27:00,2024-07-07,XRP,7,3989,127,419,185,3.91546307780967,55723063839.0,99987471767.0,100000000000.0,XRP,0.4320288345837564,550928700.0,24073970329.0,1.0061,0.9636,0.9089,0.8697,0.6965,0.9156,16,7,7,July,2024
16:27:23,2024-07-07,XRP,7,3989,127,419,185,3.91546307780967,55723063839.0,99987471767.0,100000000000.0,XRP,0.4320288345837564,550928700.0,24073970329.0,1.0061,0.9636,0.9089,0.8697,0.6965,0.9156,16,7,7,July,2024
16:27:59,2024-07-07,XRP,7,3989,127,419,185,3.91546307780967,55723063839.0,99987471767.0,100000000000.0,XRP,0.4320092858561706,550967115.0,24072881014.0,1.006,0.9636,0.9088,0.8697,0.6964,0.9156,16,7,7,July,2024
16:28:24,2024-07-07,XRP,7,3989,127,419,185,3.91546307780967,55723063839.0,99987471767.0,100000000000.0,XRP,0.4320035440819614,550423713.0,24072561065.0,1.006,0.9636,0.9088,0.8697,0.6964,0.9156,16,7,7,July,2024
16:28:45,2024-07-07,XRP,7,3989,127,419,185,3.91546307780967,55723063839.0,99987471767.0,100000000000.0,XRP,0.43200570916700126,550450678.0,24072681710.0,1.006,0.9636,0.9088,0.8697,0.6964,0.9156,16,7,7,July,2024
16:29:09,2024-07-07,XRP,7,3989,127,419,185,3.91546307780967,55723063839.0,99987471767.0,100000000000.0,XRP,0.4320162240901108,550423423.0,24073267634.0,1.006,0.9636,0.9088,0.8697,0.6965,0.9156,16,7,7,July,2024
16:29:41,2024-07-07,XRP,7,3989,127,419,185,3.91546307780967,55723063839.0,99987471767.0,100000000000.0,XRP,0.43200805833916095,550520537.0,24072812613.0,1.006,0.9636,0.9088,0.8697,0.6964,0.9156,16,7,7,July,2024
16:30:01,2024-07-07,XRP,7,3989,127,419,185,3.91546307780967,55723063839.0,99987471767.0,100000000000.0,XRP,0.4317748269647977,550206028.0,24059816247.0,1.0055,0.963,0.9083,0.8692,0.6961,0.9151,16,7,7,July,2024
16:30:46,2024-07-07,XRP,7,3989,127,419,185,3.91546307780967,55723063839.0,99987471767.0,100000000000.0,XRP,0.4317484213351506,550322292.0,24058344844.0,1.0054,0.963,0.9083,0.8692,0.696,0.915,16,7,7,July,2024
16:31:13,2024-07-07,XRP,7,3989,127,419,185,3.91546307780967,55723063839.0,99987471767.0,100000000000.0,XRP,0.4315662698803286,549575362.0,24048194807.0,1.0048,0.963,0.9072,0.8675,0.6949,0.9153,16,7,7,July,2024
16:31:39,2024-07-07,XRP,7,3989,127,419,185,3.91546307780967,55723063839.0,99987471767.0,100000000000.0,XRP,0.431596893816608,549409173.0,24049901266.0,1.0048,0.9631,0.9073,0.8675,0.6949,0.9154,16,7,7,July,2024
16:32:03,2024-07-07,XRP,7,3989,127,419,185,3.91546307780967,55723063839.0,99987471767.0,100000000000.0,XRP,0.43161619899421555,549527693.0,24050977010.0,1.0049,0.9631,0.9074,0.8676,0.6949,0.9154,16,7,7,July,2024
16:32:26,2024-07-07,XRP,7,3989,127,419,185,3.91546307780967,55723063839.0,99987471767.0,100000000000.0,XRP,0.43159818340105005,549682539.0,24049973126.0,1.0048,0.9631,0.9073,0.8675,0.6949,0.9154,16,7,7,July,2024
16:32:47,2024-07-07,XRP,7,3989,127,419,185,3.91546307780967,55723063839.0,99987471767.0,100000000000.0,XRP,0.43159099395530326,549591461.0,24049572508.0,1.0048,0.963,0.9073,0.8675,0.6949,0.9154,16,7,7,July,2024
16:33:19,2024-07-07,XRP,7,3989,127,419,185,3.91546307780967,55723063839.0,99987471767.0,100000000000.0,XRP,0.43154880353127434,549493902.0,24047221528.0,1.0047,0.963,0.9072,0.8674,0.6948,0.9153,16,7,7,July,2024
16:33:38,2024-07-07,XRP,7,3989,127,419,185,3.91546307780967,55723063839.0,99987471767.0,100000000000.0,XRP,0.4315499402950234,549381432.0,24047284872.0,1.0047,0.963,0.9072,0.8674,0.6948,0.9153,16,7,7,July,2024
16:33:57,2024-07-07,XRP,7,3989,127,419,185,3.91546307780967,55723063839.0,99987471767.0,100000000000.0,XRP,0.4317635175628436,549753708.0,24059186052.0,1.0052,0.9634,0.9077,0.8679,0.6952,0.9157,16,7,7,July,2024
16:34:19,2024-07-07,XRP,7,3989,127,419,185,3.91546307780967,55723063839.0,99987471767.0,100000000000.0,XRP,0.43177356129882094,549685149.0,24059745720.0,1.0052,0.9635,0.9077,0.8679,0.6952,0.9157,16,7,7,July,2024
16:34:45,2024-07-07,XRP,7,3989,127,419,185,3.91546307780967,55723063839.0,99987471767.0,100000000000.0,XRP,0.43181794622094927,549650714.0,24062218984.0,1.0053,0.9636,0.9078,0.868,0.6953,0.9158,16,7,7,July,2024
16:35:06,2024-07-07,XRP,7,3989,127,419,185,3.91546307780967,55723063839.0,99987471767.0,100000000000.0,XRP,0.43184085340532086,549967484.0,24063495442.0,1.0054,0.9636,0.9078,0.868,0.6953,0.9159,16,7,7,July,2024
16:35:29,2024-07-07,XRP,7,3989,127,419,185,3.91546307780967,55723063839.0,99987471767.0,100000000000.0,XRP,0.43183148797464876,549907858.0,24062973572.0,1.0052,0.963,0.9075,0.864,0.696,0.9172,16,7,7,July,2024
16:35:52,2024-07-07,XRP,7,3989,127,419,185,3.91546307780967,55723063839.0,99987471767.0,100000000000.0,XRP,0.43171682586280097,549833331.0,24056584247.0,1.0049,0.9627,0.9073,0.8638,0.6958,0.917,16,7,7,July,2024
16:36:14,2024-07-07,XRP,7,3989,127,419,185,3.91546307780967,55723063839.0,99987471767.0,100000000000.0,XRP,0.43173953799180986,550045435.0,24057849837.0,1.005,0.9628,0.9073,0.8639,0.6959,0.917,16,7,7,July,2024
16:36:38,2024-07-07,XRP,7,3989,127,419,185,3.91546307780967,55723063839.0,99987471767.0,100000000000.0,XRP,0.43174005869023446,549942412.0,24057878852.0,1.005,0.9628,0.9073,0.8639,0.6959,0.917,16,7,7,July,2024
16:36:59,2024-07-07,XRP,7,3989,127,419,185,3.91546307780967,55723063839.0,99987471767.0,100000000000.0,XRP,0.43186747128531033,550041477.0,24064978672.0,1.0053,0.9631,0.9076,0.8641,0.6961,0.9173,16,7,7,July,2024
16:37:20,2024-07-07,XRP,7,3989,127,419,185,3.91546307780967,55723063839.0,99987471767.0,100000000000.0,XRP,0.4318719342749454,549603667.0,24065227363.0,1.0053,0.9631,0.9076,0.8641,0.6961,0.9173,16,7,7,July,2024
16:37:48,2024-07-07,XRP,7,3989,127,419,185,3.91546307780967,55723063839.0,99987471767.0,100000000000.0,XRP,0.4319001719352045,549655605.0,24066800852.0,1.0054,0.9631,0.9077,0.8642,0.6961,0.9174,16,7,7,July,2024
16:38:13,2024-07-07,XRP,7,3989,127,419,185,3.91546307780967,55723063839.0,99987471767.0,100000000000.0,XRP,0.4318902229827076,550127022.0,24066246466.0,1.0054,0.9631,0.9077,0.8642,0.6961,0.9173,16,7,7,July,2024
